2792 4550
17 154 140 252 xxviii
351 143 1187 266 mmmm·

184 297 371 386 Letiiones
386 293 413 376 d
430 291 861 406 vulgatisdssentientes,
875 297 1022 406 semper
1034 287 1130 407 seri
1145 320 1211 376 era

183 426 288 540 rdffl’,
305 425 349 507 &3
360 419 578 531 corzjediuras
594 415 701 530 npstus
717 418 832 527 Veffi,
857 419 917 527 (ut
934 418 1025 502 mibi
1040 416 1213 529 videtur)

167 533 225 633 ⁸in
252 550 327 659 qus
352 545 483 630 codicis
505 540 671 658 margine
681 543 861 656 scriptas,
881 561 951 656 pra
972 544 1212 630 variantibus

185 670 419 758 Lectionibus
434 672 535 756 illius
550 669 663 756 MSti
677 669 868 784 protulisse.

450 798 458 842 J

242 900 416 1009 Tandem,
454 907 603 1007 Lean,
631 906 709 1018 pepi
738 901 905 990 ottanum
928 926 1064 991 annum
1089 907 1217 992 altera
1374 890 1383 931 ⁵

187 1031 291 1142 hujm
312 1028 613 1115 Commentariid
638 1061 695 1116 me
711 1033 755 1115 &-
770 1030 948 1141 illustrati
958 1036 1007 1118 &i
1032 1027 1218 1116 emendati

180 1156 311 1268 prodit
335 1155 496 1254 Editi0;
519 1157 655 1270 formd
683 1156 824 1270 quidem
855 1156 984 1259 minor,
1006 1157 1083 1268 sed
1103 1157 1219 1240 Notis

188 1285 330 1368 autlinr
345 1287 389 1370 δέ
406 1285 644 1396 irssrudior:
665 1285 827 1398 paucula
852 1284 946 1369 enim
970 1283 1217 1385 immutanda,

188 1407 363 1495 nonnulla
378 1410 544 1494 addenda
547 1412 709 1523 saniori,
735 1429 779 1492 ut
788 1418 912 1522 spero,
926 1411 1070 1522 judicio
1086 1412 1216 1524 cerfiei.

189 1543 246 1621 Et
249 1541 337 1645 jam
346 1534 400 1616 ad
400 1537 518 1643 finem
529 1531 743 1646 perdubtum
754 1553 835 1646 opus
839 1536 1024 1647 parabam
1037 1538 1080 1618 in
1090 1554 1220 1620 manua

190 1660 339 1745 tradere
356 1659 573 1770 Nobilifflmo
595 1660 680 1742 viro
702 1659 871 1744 Thomae
891 1660 1023 1743 Comiti
1039 1662 1083 1744 de
1099 1665 1218 1746 Mac·

191 1786 373 1887 clesfield,
399 1787 459 1869 cui
484 1791 528 1872 ὅ
551 1788 644 1872 hunc
660 1789 841 1873 Laborem
857 1789 1042 1891 dicdmu,
1068 1795 1225 1903 meosque·

191 1941 305 1996 omnes
333 1914 479 2024 irffuper
506 1913 672 1998 dicendos
689 1913 922 2026 destiudrnm.
978 1915 1055 1998 Sed
1076 1919 1222 2030 quantd

192 2039 236 2122 de
251 2043 320 2152 spe
336 2037 444 2152 qudm
462 2039 568 2123 brevi
588 2047 741 2153 ternpore
757 2070 813 2124 me
829 2041 1001 2150 dejeaium
1018 2039 1131 2124 viai!
1155 2041 1222 2123 ille

192 2165 340 2252 interim
353 2165 489 2274 stant
516 2182 628 2249 morte
656 2163 833 2247 eminutus
861 2164 925 2274 est,
960 2165 1027 2248 vir
1053 2165 1148 2248 amni
1175 2191 1226 2248 ex

187 2314 300 2407 parte
315 2294 457 2407 dignus,
486 2294 546 2379 cui
562 2290 775 2377 diuturnior
786 2293 873 2374 vita
888 2292 1091 2407 cantigiffet.
1128 2286 1225 2374 Tunt

193 2422 295 2521 veri,
325 2452 404 2503 cum
427 2420 594 2504 morienti
621 2418 786 2533 adeffern5
809 2434 976 2529 expertus
987 2425 1077 2529 stem
1107 2442 1226 2500 meum

195 2546 291 2628 illud
316 2546 359 2627 de
388 2545 528 2628 divinis
552 2548 629 2655 qus
657 2545 776 2627 animi
809 2542 1018 2626 Virtutibus
1033 2542 1225 2654 judicium

186 2671 293 2784 pleni
328 2668 384 2752 mi
410 2668 671 2781 comprobatum
683 2667 798 2783 fueffe
811 2697 839 2777 ·‘..
853 2668 994 2780 quautd
1018 2668 1114 2751 enirn
1142 2696 1225 2750 con-2

183 2798 345 2909 stantid,
375 2800 418 2881 &
445 2796 654 2907 gravitate,
685 2813 913 2912 quocontra
937 2796 1069 2881 dolores
1103 2796 1231 2880 robore·
1393 2830 1396 2873 ε

184 2924 387 3037 festinanti
403 2925 514 3008 marti
526 2922 685 3008 occurrit
697 2927 714 3005 t
726 2923 959 3036 scrattiffimae
968 2924 1061 3037 soli,
1078 2928 1122 3010 Θ
1137 2921 1228 3007 beni

198 3050 291 3131 adia
313 3078 357 3133 ex
376 3049 571 3161 praecptis
595 3078 696 3133 vera
713 3049 913 3161 Religionis
935 3052 1029 3135 vitu
1045 3050 1135 3133 talis
1157 3045 1227 3131 de·

199 3174 305 3258 betur
331 3178 467 3259 exitus,
531 3176 693 3261 Felicem·
714 3176 802 3259 veri
834 3178 939 3261 illum
963 3175 1231 3288 predicemus,

199 3308 261 3417 qui
274 3310 333 3417 fic
351 3306 468 3406 vixit,
496 3323 539 3387 ut
553 3310 601 3415 se
626 3334 694 3388 non
707 3304 863 3419 frustra
889 3305 1018 3420 vixiffle
1033 3308 1125 3418 jure
1136 3308 1227 3416 spe·
1366 3301 1374 3366 ἶ

199 3448 326 3527 earet3
340 3436 400 3543 stc
417 3451 578 3520 mortuus
595 3430 660 3547 ‘stu
681 3430 805 3542 utqui
819 3433 867 3541 se
883 3460 951 3516 non
960 3430 1117 3545 fiustrd
1133 3426 1231 3517 mari

201 3552 312 3644 valde
331 3560 566 3671 existimaret.

661 3780 747 3927 ᾖ
854 3783 858 3791 ,
