2792 4550
115 262 157 359 in
183 277 277 359 urbe
305 272 459 357 vivendi
491 295 666 383 tempora
694 274 970 384 transegerunt,
1011 260 1139 359 Athe·

115 430 218 487 tsaeus
233 406 272 485 du
290 396 518 487 Musonius:
547 402 586 481 dt
608 428 660 481 ex
688 398 952 510 Peripateticis
970 404 1140 487 Ammo-

114 532 200 609 nius
219 533 259 611 dt
277 524 520 623 Ptolemaeus,
549 523 619 635 qui
644 524 762 607 ambo
781 527 963 610 omnium
979 530 1141 615 suorum

113 652 322 764 equalium
346 653 517 735 maxime
548 650 743 761 Philologi
767 674 900 747 erant3
928 655 1138 761 presertim

114 779 206 863 verd
233 781 481 875 Ammonius,
524 778 677 887 (neque
706 778 813 857 enim
838 779 1044 887 quisquam
1067 781 1137 884 est,

114 904 198 1012 qui,
228 904 332 1011 quod
358 899 406 987 ad
431 902 614 992 diffusam
637 900 915 1009 elegantiorum
938 902 1138 1000 literarum

114 1029 157 1110 te
179 1030 305 1109 omnis
322 1029 485 1111 scientie
509 1028 704 1126 notitiam,
732 1054 894 1112 tumeo
922 1029 1139 1139 comparari

114 1154 266 1264 queat),
295 1154 351 1237 nil
379 1180 520 1254 tamen,
549 1155 654 1264 quod
683 1154 733 1235 ad
758 1151 993 1263 Philosophiae
1013 1180 1138 1239 attens

113 1282 334 1388 pertineret,
368 1282 567 1392 scripsete;
595 1280 662 1362 sed
689 1286 870 1388 po'e'mata
896 1303 1138 1363 tantummo-¹

114 1407 166 1486 do
186 1406 368 1506 nonnulla,
399 1408 439 1489 dt
467 1405 650 1515 quasdam
668 1404 973 1491 Demonstrativi
990 1406 1138 1514 generis

114 1534 329 1627 orationem
365 1558 451 1642 quae
485 1531 657 1641 quidem,
701 1530 832 1611 invitis
860 1532 960 1643 ipfis,
996 1532 1138 1613 etiam·

113 1682 218 1743 nunc
242 1658 423 1767 supereffe
439 1658 638 1739 existimo:
667 1684 792 1765 neque
808 1656 915 1738 enim
931 1661 1071 1767 censeas
1086 1657 1137 1738 il·

115 1781 172 1863 los
193 1784 388 1867 credidille
405 1786 457 1867 ob
474 1782 692 1889 hujusmodi
711 1780 860 1861 libellos
876 1783 914 1868 se
927 1782 1031 1891 apud
1047 1784 1138 1895 poss

115 1934 214 1993 teros
241 1938 353 1995 notos
372 1912 465 2010 fore,
494 1913 716 1993 omittentes
734 1907 852 1989 literis
872 1914 965 1999 cord
982 1910 1137 2019 dignio-

113 2038 219 2119 ribus
246 2040 329 2123 suas
355 2063 502 2123 mentes
527 2037 772 2146 locupletare.
826 2039 971 2120 Rursus
999 2066 1048 2120 ex
1069 2066 1137 2121 eo-

114 2188 206 2246 tum
232 2192 408 2263 numero,
437 2166 506 2273 qui
535 2164 630 2273 quid
647 2164 897 2255 commentati
919 2164 1019 2259 sunt,
1045 2166 1137 2271 qui-

112 2293 207 2374 dem
222 2291 280 2372 nil
305 2293 376 2374 nist
399 2291 629 2373 collectanea
646 2289 789 2398 aliqua,
816 2314 883 2370 aut
898 2317 949 2370 ert
966 2288 1050 2372 aliis
1068 2293 1136 2372 de-

114 2417 255 2526 scripta
289 2417 567 2512 vetustioribus
625 2418 666 2498 in
704 2416 880 2496 medium
915 2415 1106 2524 protulere
1115 2455 1137 2517 5

112 2542 447 2651 quemadmodum
472 2538 654 2621 Euclides
678 2536 783 2638 fecit,
811 2566 960 2622 necnon
986 2543 1137 2622 Demo-

115 2669 248 2767 critus,
278 2691 392 2777 atque
410 2669 506 2748 item
529 2665 755 2746 Proclinus:
782 2663 850 2744 alii
873 2664 976 2765 verd,
1003 2668 1136 2751 minu-

115 2817 172 2878 tas
189 2795 340 2905 prorsus
361 2793 544 2906 quasdam
566 2817 740 2877 veterum
761 2792 942 2874 doerinae
963 2797 1135 2906 particu-

115 2921 171 3002 las
197 2925 246 3004 ad
270 2922 599 3032 interpretandum
627 2920 695 3002 fibi
727 2921 947 3029 deligentes,
988 2924 1036 3006 de
1070 2925 1136 3004 iis-

114 3049 221 3147 dem,
249 3073 363 3158 atque
381 3049 451 3149 illi,
471 3048 565 3130 locis
582 3047 739 3158 aggreffi
757 3048 844 3128 sunt
861 3044 1009 3128 libellos
1025 3074 1136 3128 com·

115 3200 278 3286 ponete3
295 3203 376 3284 quo
392 3202 440 3255 ex
457 3186 620 3253 numero
635 3173 786 3251 Annius
799 3201 844 3253 ac
861 3173 1018 3253 Medius
1033 3173 1135 3272 sunt,

115 3327 268 3380 necnon
293 3303 334 3380 ds
361 3297 579 3395 Phoebion;
607 3321 723 3406 atque
741 3295 806 3376 hic
823 3296 982 3405 quidem
1003 3295 1135 3378 elocu-

115 3426 231 3506 tionis
247 3423 434 3536 elegsntid
457 3424 601 3538 potine,
631 3426 750 3536 quim
770 3452 900 3505 rerum
922 3451 967 3506 ac
985 3422 1135 3506 senten-

114 3553 259 3635 tiarum
275 3555 455 3664 pondere,
484 3553 715 3638 innotescere
733 3553 890 3635 studuit.
932 3551 1075 3634 lisdem
1092 3555 1137 3636 do

190 3703 195 3716 ’
994 3679 1136 3762 Helio-

153 3845 171 3890 ⁷
190 3835 354 3924 ΣωΊαζξως
373 3839 460 3920 edidit
478 3841 582 3928 stillas.
608 3853 710 3906 tonna
730 3837 926 3907 nodositatem
945 3839 1012 3904 cod.
1024 3845 1087 3900 ut.
1103 3841 1136 3905 lt

108 3925 192 4006 W.
204 3923 286 4008 Rassl,
521 3929 526 3940 '
578 3925 583 3934 “
998 3929 1011 3972 1
1031 3919 1136 3982 futla

1229 110 1313 248 2⁸⁷
