2792 4550
301 250 391 332 DE
446 249 966 369 SUBLIMITATE
1013 253 1089 334 &ci
1291 250 1341 370 85

192 409 310 474 tamen
331 394 545 476 Sublimem
568 394 605 476 se
625 395 786 504 prestat,
813 398 894 492 Tu,
922 399 990 504 qui
1007 393 1129 504 legisti
1151 421 1210 482 ca.

190 549 275 630 quae
299 524 339 602 in
364 525 438 632 ejus
455 522 647 631 republical
671 523 908 621 continentur,
935 551 1014 606 non
1037 524 1197 630 ignoras.

190 656 216 690 “
244 649 328 754 Qi
356 651 514 757 quidem
538 650 728 758 sapientiae
760 651 800 730 δι
831 649 984 733 virtutis
1012 671 1195 758 expertes,

190 781 216 820 “
244 774 430 854 conviviis
447 772 535 855 verd
551 773 823 882 &hujusmodi
841 774 950 854 rebus
972 772 1117 881 semper
1134 773 1196 852 in·

190 903 217 942 “
245 896 450 1004 dulgentes,
486 895 665 980 deorsum
691 899 773 1006 (uti
805 926 873 1007 pat
903 897 983 1004 est)
1007 894 1202 1011 feruntur,

191 1032 218 1070 “
245 1045 359 1131 atque
382 1025 434 1106 ita
455 1053 521 1134 per
546 1025 667 1108 vitam
686 1047 894 1132 vagantur:
922 1023 971 1102 ad
995 1024 1194 1106 veritatem

191 1155 218 1192 “
245 1170 372 1228 autem
393 1177 516 1259 neque
532 1150 779 1259 suspexerunt
796 1175 983 1254 unquam,
1000 1173 1122 1254 neque
1138 1147 1200 1250 as<

190 1283 216 1334 ‘-‘
243 1275 494 1374 surrexerunt,
522 1305 646 1384 neque
667 1275 841 1360 stabilem
856 1275 968 1356 ullam
991 1278 1032 1354 dr
1058 1303 1197 1382 puram

189 1411 215 1458 l‘
243 1402 481 1511 voluptatem
508 1404 776 1510 gustaverunt:
810 1403 885 1501 sed,
912 1403 1106 1510 pecudum
1137 1404 1197 1485 in·

173 1535 216 1594 .“
245 1528 330 1624 star,
369 1525 549 1610 deorsum
576 1529 723 1638 semper
750 1530 948 1626 intuentes,
987 1525 1198 1638 deflexique

190 1662 215 1704 “
243 1655 290 1734 ad
311 1676 449 1734 terram
465 1656 505 1735 δε
530 1655 579 1736 ad
594 1654 740 1738 mensas
765 1655 919 1762 explent
949 1655 985 1736 se
1006 1654 1128 1761 epulis
1156 1655 1196 1738 dc

189 1785 215 1830 “
243 1805 401 1874 venere,
443 1783 482 1860 δε
511 1779 622 1862 causa
644 1779 873 1889 cupiditatis
898 1777 1037 1861 harum
1067 1807 1195 1864 rerum

188 1903 473 1987 “calcitrantes
506 1909 546 1987 dr
578 1905 777 1989 arietantes
805 1906 842 1987 se
866 1905 994 1986 ferreis
1017 1904 1195 1992 cornibus

189 2039 214 2091 l‘
239 2031 466 2192 ungplisque
493 2029 728 2116 interficiunt
753 2059 802 2117 ex
829 2010 1031 2119 insatiabili
1055 2032 1195 2120 defide

191 2165 216 2206 “
243 2160 335 2240 rio.'’

244 2412 420 2499 Ostendit
443 2442 572 2501 autem
598 2418 707 2502 nobis
726 2416 847 2498 hic
810 2440 882 2513 v1r,
911 2410 1129 2495 finolimus
1146 2411 1195 2505 il·
1213 2421 1358 2481 narona

187 2505 262 2621 lum
279 2541 479 2651 negligere,
508 2544 622 2624 aliam
640 2546 758 2626 etiam
777 2542 848 2623 effe
863 2543 1071 2650 quandam,
1099 2568 1195 2649 prae-
1208 2518 1282 2571 ’Μ’

187 2691 243 2753 ter
259 2694 320 2747 eas
338 2696 432 2777 quas
455 2670 711 2769 tractavimus,
739 2669 854 2767 viam,
883 2694 967 2777 quae
994 2667 1042 2747 ad
1069 2668 1195 2753 Subli-

185 2792 264 2875 mia
282 2794 414 2876 ducit:
443 2794 566 2905 qualis
586 2818 728 2895 autem,
758 2798 798 2877 dt
823 2820 1000 2905 quaenam
1018 2792 1064 2903 est
1083 2791 1192 2877 haec?

186 2938 305 3031 nempe
321 2919 491 3003 imitatio
508 2920 776 3031 emularioque
789 2948 1018 3031 magnorum
1035 2920 1196 3031 scripto-

188 3068 275 3121 rum
307 3046 569 3153 prosaicorum
592 3048 632 3125 dr
662 3056 876 3153 poetarum,
916 3042 986 3152 qui
1014 3063 1196 3123 antenus

189 3168 375 3259 vixerunt.
446 3172 500 3257 Et
531 3170 580 3256 ad
609 3170 922 3281 hunescopum,
970 3164 1195 3267 charisime,

1077 3286 1197 3391 oculos,

231 3442 265 3501 ln
286 3460 329 3513 ¹3·
347 3440 616 3511 ’tradimur'
600 3442 670 3523 ημῖν
712 3446 765 3507 hac
786 3444 844 3525 agit
863 3437 998 3521 usquead
1018 3434 1195 3507 finemsest

183 3522 258 3603 Q]
294 3528 439 3607 Longinus
460 3528 496 3590 de
516 3530 671 3613 improviso
710 3552 761 3603 ¹4·

182 3614 218 3673 ,dt
231 3606 317 3707 'quali
339 3626 419 3669 contr
420 3630 436 3670 a
454 3613 577 3675 formam
597 3600 1199 3684 innt-10.14.Mlmouyop3v]1ta

187 3695 238 3753 ruti
259 3693 299 3753 sui
321 3694 415 3775 operis
427 3694 511 3757 aliam
526 3696 571 3756 liic
589 3718 670 3759 exeo
713 3695 852 3754 MSril‘ar.
861 3691 959 3789 Arpbr
968 3692 1009 3753 El.
1018 3696 1121 3756 &Vae
1129 3694 1200 3769 duo,

187 3778 256 3855 girat
271 3779 360 3847 viam,
375 3776 448 3837 uude
461 3778 598 3841 Sablones
610 3780 670 3844 sert
713 3794 829 3838 necnon
850 3762 921 3838 Edit.
945 3778 1059 3855 prima,
1086 3780 1199 3875 vulgata

187 3858 232 3921 sus
244 3878 408 3930 exorentur
425 3860 460 3926 sc.
479 3862 670 3925 imitationem
713 3864 799 3929 lertio
830 3860 1068 3947 aarrnryapiirat
1106 3876 1199 3923 mnus

186 3931 355 4029 Sublimiuut
376 3942 554 4035 scriptorum,
584 3950 613 4005 dt
636 3946 671 4010 de
712 3949 813 4032 placer,
1119 4003 1145 4085 L,

768 4032 830 4101 Gt
1145 4023 1203 4100 ·¹i
