2792 4550
5 83 9 164 ῑ
109 49 111 52 ’
219 63 313 150 D'E
366 55 887 147 SUBLIMITATE
936 64 1012 148 &e
1215 74 1299 180 aaz

5 235 49 323 pp,
112 217 140 256 “
168 201 260 292 cunr
277 210 318 288 in
335 205 515 289 malam.”
558 203 677 288 Nihil
689 203 793 286 aliud
805 203 871 288 hic
886 205 1005 288 efficit
1018 198 1126 292 Rho

5 383 48 448 „p
111 360 185 435 tor,
214 333 331 446 quim
357 333 475 443 isqui
494 333 688 412 verberat:
716 331 764 412 sc.
782 355 927 412 mentes
946 331 1127 440 judicum

5 529 46 574 m
110 460 271 570 repetito
288 460 436 568 impetu
455 457 630 566 percutit.
674 455 826 538 Deinde
842 453 947 557 hinc,
974 458 1127 566 proeel-

5 632 43 701 an
110 586 383 688 laruminstar,
412 582 536 662 rursus
563 579 679 662 aliam
691 579 882 691 judicibus
898 580 1041 664 faciens
1056 611 1127 692 ag-

5 713 417 830 ..pgreffionemffl
444 735 567 816 quum
596 734 739 816 pugno
778 735 871 789 curn
901 709 943 788 in
976 708 1125 793 malam

109 833 365 945 “(inquit):
393 830 474 914 haec
501 833 737 940 perturbant,
766 831 848 913 haec
877 859 983 916 extra
1009 834 1125 917 sera·

110 962 278 1071 “piunt
295 958 467 1039 homines
485 985 564 1038 non
583 957 775 1040 assuetos
765 957 917 1065 injurias
933 961 1034 1067 pati:
1054 990 1124 1043 ne·

110 1093 234 1164 “mo
255 1083 321 1181 est,
347 1082 417 1191 qui
443 1077 524 1162 haec
549 1079 713 1162 referens
721 1081 862 1238 potest
877 1083 1125 1169 acerbitatem

111 1220 296 1292 “eorum
325 1211 376 1288 ob
403 1207 533 1288 oculos
567 1207 744 1316 ponerel’
809 1207 915 1315 Ergo
945 1232 1124 1296 naturam

5 1295 400 1479 {Repetitionum
422 1335 461 1412 u
478 1329 758 1414 Diffoiutorum
773 1333 919 1442 ubique
940 1339 1125 1443 perpetue

108 1461 318 1542 variatione
335 1457 527 1541 custodit:
555 1456 607 1536 fic
631 1457 735 1565 apud
758 1455 873 1537 illurn
888 1459 1008 1539 etiam
1026 1461 1124 1542 ordo

107 1585 315 1668 confusum
342 1585 450 1696 quid,
479 1583 678 1692 rursusque
694 1583 838 1664 ordinis
858 1581 1027 1669 defssus
1042 1613 1124 1668 cer.-

10 1739 18 1816 ,’
110 1738 196 1794 turn
215 1714 408 1821 quendam
427 1711 468 1792 in
485 1712 521 1794 se
538 1709 711 1791 continet
727 1709 914 1792 ordinem.

5 900 38 960 >rr

5 1006 35 1087 sii

5 1132 32 1214 ἐι

5 1951 13 2052 ἶ
135 1969 244 2072 -Age
271 1965 400 2072 igitur,
428 1966 523 2046 adde
550 1963 607 2046 his
631 1963 801 2075 copulas,
829 1963 858 2044 fi
885 1964 955 2064 vis,
990 1991 1035 2047 ut
1062 1965 1244 2067 fa-cad·

107 2093 217 2174 ciunt
236 2091 409 2172 isocratis
427 2093 647 2190 imitatores,
678 2091 776 2172 “Et
801 2117 850 2171 ne
872 2087 947 2172 hoc
964 2087 1282 2228 quidemm

5 2215 8 2270 ἓ
108 2227 136 2303 “,
162 2237 312 2325 oportet
339 2215 525 2314 omittere,
554 2215 660 2325 qudd
677 2217 802 2299 multa
819 2215 932 2325 pofiit
949 2215 1122 2301 sacereis

107 2356 133 2391 “
162 2344 232 2453 qui
247 2342 417 2425 verberat
430 2346 502 2427 dcc.
520 2345 693 2454 primurn
707 2347 866 2457 quidem
879 2344 998 2453 gestu,
1011 2347 1121 2429 dein-

108 2480 135 2517 “
163 2471 210 2551 de
230 2468 352 2567 vultu,
381 2468 574 2577 postremd
590 2496 720 2553 autem
738 2472 819 2580 ipsd
833 2471 965 2568 roce‚''
982 2472 1023 2551 dc
1035 2472 1120 2554 sen·

105 2600 174 2681 ties
204 2594 278 2703 (sic
307 2596 348 2675 in
372 2594 431 2693 iis,
469 2620 554 2704 quae
582 2596 804 2706 sequuntur,
834 2596 1034 2706 addendo)
1062 2600 1115 2700 id,

104 2726 210 2838 quod
236 2722 408 2806 Affenus
433 2724 474 2805 in
494 2724 531 2805 se
554 2721 670 2806 habet
692 2726 930 2807 concitatum
953 2726 995 2805 δε
1012 2726 1120 2836 aspe-

105 2880 210 2951 rum,
234 2849 425 2959 sicopuiis
443 2849 496 2931 ita
513 2850 733 2959 complanes
755 2876 801 2934 ut
828 2850 920 2933 laeve
940 2851 998 2950 fit,
1026 2881 1121 2936 acu·

106 2981 167 3063 110
200 3001 327 3057 carens
361 2972 556 3073 subsrdere,
591 2976 786 3059 &statim
815 2978 1001 3087 extingui.
1061 2982 1120 3061 Ut

1010 3102 1119 3185 enirn

104 3252 228 3325 dnobus,
247 3272 365 3334 quorum
379 3204 537 3319 audorirari
549 3276 592 3317 re·
631 3271 736 3315 natura
756 3256 828 3327 sunt,
862 3270 895 3316 nr
922 3254 1045 3315 orationi
1065 3250 1119 3310 ob-

106 3338 200 3399 sistere
215 3357 274 3397 non
289 3338 369 3399 ausus
384 3334 454 3402 sum.
631 3337 709 3400 sint.
736 3358 794 3399 vox
817 3335 1039 3416 φυλίωσινίςιι
1039 3330 1125 3393 isie‘ar

148 3424 183 3483 L
202 3431 230 3482 8.
257 3421 325 3479 Tio)
346 3420 400 3495 psa>
416 3426 505 3495 φύσιν
517 3422 589 3495 dtr]
631 3426 670 3483 ita
690 3424 819 3500 custodire,
847 3443 877 3484 ur
903 3416 1007 3501 nequid
1034 3415 1125 3477 alid

103 3506 205 3565 Sensus
227 3504 295 3565 est·
325 3507 456 3585 perpetua
480 3508 591 3588 igura-
632 3508 699 3567 mali
713 3506 779 3566 inde
797 3508 912 3568 aecidat.

105 3608 168 3648 nun
188 3590 322 3651 varietate
339 3608 430 3656 cavet,
451 3606 486 3647 ne
507 3610 522 3649 a
524 3610 591 3670 p·pa
673 3594 712 3651 L
736 3610 781 3649 ιο.
802 3585 965 3661 Ἀμήν]
1005 3580 1119 3645 Tollius

105 3688 185 3731 reant
206 3670 262 3732 inae
278 3672 474 3753 Repetitiones
485 3676 515 3729 δι
529 3674 591 3732 Dis·
632 3673 733 3738 maluit
746 3672 840 3757 legere
857 3670 986 3752 infler
996 3699 1039 3741 ῃ.

103 3754 211 3829 soluta,
231 3776 303 3841 qua,
320 3754 522 3847 srappareanr,
532 3762 592 3833 ejus
1034 3823 1071 3901 L

1088 3850 1120 3911 7ο
