2792 4550
248 298 343 390 DE
397 300 922 387 SUBLIMITATE
972 304 1045 390 &c

1 453 22 553 ‘j
139 447 346 556 praecipuas
362 473 421 525 res
439 441 600 523 minime
617 445 816 552 attingere,
842 473 966 556 neque
981 445 1156 529 multum

7 568 22 616 ¹⁴
137 573 317 655 utilitatis
336 575 477 680 (quam
494 569 665 652 maximi:
685 573 797 653 debet
820 573 978 683 scriptor
1000 575 1156 684 petere)

136 695 354 807 legentibus
376 695 514 777 afferre.
569 697 722 778 Deinde
745 727 839 779 cum
864 701 906 779 in
928 701 1035 780 omni
1063 704 1153 780 artis
1220 784 1223 792 ,
1283 716 1285 719 ’

14 885 21 935 ss
136 824 301 931 alicujus
318 825 530 904 tractatione
558 823 644 902 duae
666 851 725 903 res
748 827 991 934 requiruntur
1009 866 1021 922 ;
1050 830 1155 936 prior

15 963 22 982 ’
138 949 311 1056 quidem,
338 974 381 1029 ut
398 949 571 1031 ostendas
585 947 680 1057 quid
698 949 743 1030 fit
756 951 989 1058 subjedium3
1017 954 1153 1034 secun-

139 1073 192 1154 da
208 1072 292 1153 verri
312 1067 456 1188 (quoad
472 1073 647 1154 ordinem
657 1075 833 1184 secunda,
862 1100 903 1157 at
926 1080 1053 1186 quoad
1069 1080 1152 1158 vim

9 1178 17 1278 i
140 1199 285 1306 potior)
309 1217 352 1280 ut
375 1197 530 1308 issandus
552 1199 751 1306 quomodo
773 1203 814 1280 δι
838 1202 977 1308 quibus
995 1202 1153 1282 rationi·

8 1307 15 1328 ⁶
140 1325 206 1406 bus
229 1322 305 1406 hoc
334 1325 463 1433 ipsum
490 1325 536 1402 fit
562 1323 585 1401 ὲ
616 1323 725 1402 nobis
750 1327 1059 1432 acquirendum3
1094 1328 1155 1406 ni·

12 1429 14 1450 ³
135 1447 354 1530 hilominus
376 1444 554 1544 cecilius,
584 1445 679 1555 quid
706 1447 751 1528 fit
775 1447 1009 1548 Sublimitas,
1039 1451 1154 1530 innu-

135 1573 253 1657 meris
283 1570 468 1680 oxemplir
495 1571 674 1670 LeHores,
703 1571 810 1653 velut
833 1573 1058 1682 ignorantes,
1088 1606 1156 1658 co·

5 1684 11 1762 τ’
135 1723 252 1782 natur
264 1703 398 1782 docere
404 1737 416 1795 ς
445 1697 521 1780 hoc
538 1723 680 1798 autem,
698 1701 755 1809 sc.
770 1701 847 1808 qui
865 1702 1010 1782 ratione
1026 1705 1154 1788 nostra

2 1811 8 1882 Ῑ·
134 1827 294 1934 Ingenia
317 1827 482 1906 excitare
504 1825 687 1934 possimus
713 1824 762 1905 ad
775 1822 967 1935 faciendos
993 1857 1153 1936 magnos

1 1982 8 2003 ·
128 1955 177 2044 in
189 1952 430 2036 Sublimitate
443 1951 664 2062 progressus,
679 1950 807 2032 nescio
824 1954 1032 2060 quomod0‚
1048 1955 1155 2037 velut

6 2133 7 2140 κ
136 2107 220 2160 rem
251 2077 415 2161 minimi
445 2076 688 2166 necessariam
720 2077 909 2184 praeteriit.
965 2081 1038 2160 Sed
1072 2081 1156 2162 for.

136 2205 228 2286 tasse
245 2203 348 2286 hunc
365 2203 566 2289 hominem
584 2229 662 2289 non
676 2226 759 2283 tam
777 2203 827 2282 ob
839 2229 895 2300 ea,
920 2233 1005 2315 quae
1022 2207 1156 2287 omiffa

137 2332 241 2429 sunt,
268 2330 421 2439 culpare
441 2355 597 2436 acquum
624 2330 692 2424 est,
719 2326 839 2439 quim
863 2330 914 2407 ob
940 2330 1064 2437 ipsam
1082 2334 1157 2442 ᾖα(

136 2456 414 2565 cogitationem
452 2454 698 2561 studiumque
723 2450 887 2545 laudare.
955 2457 1156 2563 Qoniam

136 2614 229 2667 vero
247 2583 386 2693 jussisti
413 2583 530 2666 etiam
553 2580 639 2661 Nos
667 2574 814 2685 aliquid
836 2576 884 2656 de
900 2578 1157 2702 sublimitate,⁴

136 2714 222 2797 Tui
246 2709 406 2793 omnini)
425 2709 558 2820 gratii,
586 2706 868 2798 commentari3
894 2732 974 2814 age,
1004 2708 1032 2787 fi
1056 2714 1154 2820 quid

137 2838 225 2923 sani:
251 2840 451 2921 videamur
475 2834 653 2920 civilibus
678 2829 769 2919 viris
792 2830 886 2913 utile
912 2836 1158 2921 animadver.'

137 2966 230 3065 risse,
251 2966 516 3076 inspiciamus:
545 2962 631 3071 Ipse
648 2984 778 3043 autern
796 2959 1010 3060 nobiscum,
1036 2966 1155 3049 Ami.

138 3122 195 3193 ce,
222 3094 269 3175 de
289 3090 443 3203 srngulis
466 3090 572 3201 hujus
588 3084 834 3171 commentarii
850 3087 1020 3196 partibus
1038 3094 1153 3174 veris.

137 3220 231 3305 sime
266 3222 334 3333 (ut
365 3218 502 3309 natura
535 3238 777 3334 comparatus
806 3238 846 3297 es
875 3214 916 3296 dt
949 3238 987 3296 te
1018 3216 1157 3325 decet)

776 3367 779 3380 ¹
1051 3342 1158 3455 judi,

138 3508 203 3569 'rum
217 3504 348 3566 exhibeam
371 3512 459 3574 civilis
481 3510 525 3571 vir
546 3508 630 3591 igitur
707 3508 742 3565 L.
762 3522 808 3577 ιγ.
837 3496 892 3564 Ὦς
915 3492 1068 3569 cicuras]
1095 3502 1156 3562 Ma·

142 3588 235 3659 estis,
257 3589 304 3667 qui
323 3592 353 3647 in
368 3594 432 3654 soro
448 3592 574 3674 verisque
597 3591 629 3649 ii·
668 3590 761 3645 nutius
777 3584 862 3642 edidit
882 3577 1004 3653 cipum,
1023 3579 1068 3641 sed
1091 3604 1155 3647 cum

74 3684 77 3691 ’
139 3672 216 3731 ribus
235 3670 369 3740 versatur,
389 3682 418 3733 δι
432 3680 475 3737 cui
494 3684 537 3759 (ut
554 3690 631 3757 patet
647 3702 650 3709 ·
669 3674 719 3727 MS
734 3671 797 3727 Par.
807 3664 893 3724 habet
905 3656 1040 3744 vipera<
1060 3672 1089 3726 dt
1105 3675 1157 3731 MS

140 3776 177 3814 ex
195 3756 267 3817 Plin.
287 3755 305 3817 l.
323 3778 349 3816 2.
370 3762 418 3836 Ep.
437 3762 483 3835 Ji)
507 3760 629 3841 opponi·
669 3755 739 3812 Vat.
756 3772 785 3809 2.
812 3748 954 3829 victitat,
978 3772 1080 3814 vocem
1099 3752 1157 3812 vi·

141 3856 188 3897 rur
215 3838 405 3909 scholasticus,
442 3842 460 3901 i.
484 3862 508 3901 e.
531 3845 575 3920 qui
600 3844 630 3899 in
646 3868 652 3933 Ι
670 3858 762 3914 porat
795 3838 1014 3919 imprimendam
1049 3841 1157 3907 curari,

141 3920 248 3987 scholi
279 3920 395 4015 nonnisi
426 3922 507 4013 fida!
539 3926 632 4015 pausat
646 3938 654 4085 p
670 3942 731 4001 qua
754 3921 825 3985 mihi
847 3921 1055 4009 figmficantior·
1069 3920 1158 4003 paulo

63 4084 68 4095 ι
141 4006 248 4102 Fssi‘s
668 4006 785 4073 videtur.
1156 4081 1161 4091 .

714 4092 774 4172 Β,
937 4131 939 4140 ·
1077 4082 1113 4161 ²·
1132 4095 1161 4167 'a

1270 329 1295 418 5
