2792 4550
273 51 369 137 DE
417 53 949 142 SUBLIMITATE
995 63 1069 146 &o

154 194 300 276 finuare
311 231 326 289 3
356 195 657 302 &probationis
684 221 864 278 namram
892 206 1179 288 convertere'in

152 320 338 402 eximiam
356 320 646 404 Sublimitatem
663 323 703 402 br
717 321 899 406 affectum
912 327 953 406 bc
971 328 1010 407 in
1025 359 1113 410 eam
1130 332 1178 412 fi-

151 448 254 548 dem,
284 477 371 560 quae
391 447 534 529 meritb
551 449 751 532 tribuenda
767 453 813 532 fit
829 454 922 534 novi
939 455 1178 540 excellentis-

150 602 227 683 que
251 573 398 683 generis
420 574 669 682 juramentis;
699 574 886 686 fimulque
903 578 1106 667 infundere
1133 585 1177 666 in

148 703 301 784 animos
323 701 565 782 audientium
582 701 811 811 opinionem
828 707 1024 811 quandam
1050 711 1176 793 medi-

148 855 238 908 cam
262 828 303 906 &
320 824 466 908 dolores
485 826 801 937 propulsantem
829 853 875 910 ut
900 830 957 913 illi
975 832 1065 915 elati
1089 835 1173 918 lau-

149 952 262 1032 dibus
287 955 494 1034 doceantur
518 983 598 1034 non
616 953 783 1035 minores
800 956 949 1038 animos
966 957 1104 1042 habere
1121 965 1172 1045 ob

149 1105 321 1188 pugnam
356 1107 449 1161 cum
480 1079 666 1191 Philippo
702 1083 925 1194 commrffam,
967 1088 1087 1196 quaint
1121 1093 1173 1173 ob

150 1205 327 1288 victorias
358 1203 595 1288 Marathone
632 1211 672 1287 bt
711 1207 903 1290 Salamine
940 1229 1172 1320 reportatas:

148 1332 289 1440 quibus
316 1331 499 1412 omnibus
526 1332 718 1414 auditores
742 1332 783 1413 vi
809 1331 916 1443 hajm
942 1337 1094 1446 Figura
1117 1343 1173 1422 se-

148 1485 244 1540 cum
261 1460 453 1568 abripiens
471 1460 628 1543 inc'effit.
683 1464 876 1568 Qamvis
893 1463 1028 1548 dicunt
1044 1469 1172 1551 semen

145 1583 255 1694 hujus
264 1585 474 1694 juramenti
492 1589 697 1670 inventurn
711 1587 783 1670 effe
800 1593 904 1698 apud
917 1593 1169 1703 Eupolidem,

199 1765 286 1848 Non
309 1767 417 1868 eninr,
433 1768 526 1878 juro
541 1786 614 1878 per
630 1797 746 1852 meam
761 1769 816 1851 ad
828 1771 1057 1856 Marathona
1071 1793 1169 1888 pug-

306 1921 405 1994 nam,

200 2021 371 2104 Gaudens
384 2022 514 2136 aliquis
532 2053 651 2108 aarum
669 2055 785 2108 meum
804 2055 866 2110 car
879 2029 996 2112 dolare
1008 2031 1150 2142 (ficiet.

145 2207 202 2287 At
218 2229 297 2287 non
315 2203 452 2315 quovis
475 2203 648 2315 aliquem
670 2205 798 2314 jurare
818 2207 949 2308 modo,
978 2236 1167 2317 magnum

143 2332 222 2414 est:
251 2332 314 2414 sed
331 2331 412 2431 ubi,
441 2335 481 2413 br
497 2334 709 2441 quomodo,
738 2334 778 2412 br
802 2360 883 2440 quo
910 2357 1097 2442 tempore,
1125 2338 1166 2416 br

142 2460 252 2569 cujus
275 2462 329 2543 rei
345 2462 463 2543 causa
478 2456 976 2570 juremus‚.confideranaum
999 2458 1055 2575 ast.
1110 2461 1165 2543 Il-

141 2588 196 2672 lic
208 2612 339 2673 autem
353 2588 453 2671 nihil
477 2589 583 2673 aliud
600 2590 655 2669 est
671 2588 792 2700 quam
813 2618 949 2670 merum
966 2588 1164 2697 juramen-

140 2740 241 2820 tum,
271 2719 387 2829 idque
402 2719 452 2799 ad
464 2714 717 2798 Athenienses
737 2714 896 2815 fadum,
925 2743 1018 2796 cum
1036 2716 1164 2799 adhuc

140 2848 319 2957 prosperd
349 2876 407 2930 res
431 2846 514 2929 suas
541 2870 710 2955 agerent,
737 2845 1056 2927 &consolatione
1082 2877 1163 2929 non

142 2972 381 3081 indigerent3
417 2972 532 3083 porri)
553 2974 674 3055 Poeta
696 2973 851 3083 juravit,
880 3000 960 3052 non
986 2970 1162 3053 homines

142 3096 428 3182 immortalitate
445 3100 636 3195 donando,
664 3122 711 3179 ut
722 3097 965 3178 audientibus
987 3096 1162 3176 insereret

141 3222 331 3307 rationem
343 3227 501 3335 dignam
519 3224 679 3305 illorum
695 3222 837 3303 virtute
845 3258 859 3317 3
877 3222 940 3303 sed
955 3222 1004 3301 ab
1021 3221 1080 3317 iis,
1092 3221 1162 3329 qui

1052 3342 1161 3428 antea
1243 3427 1247 3434 .

182 3502 218 3563 la·
233 3522 263 3572 9·
286 3492 380 3569 Πᾱξβῖ
398 3484 441 3558 tul
456 3496 629 3573 Edainrdae]
711 3500 747 3561 L.
762 3496 813 3559 ult,
829 3484 942 3567 'silim
958 3489 1049 3570 λὸγον
1062 3482 1157 3567 ἄξιοι]

140 3584 258 3668 Eupolis
271 3582 318 3643 hle
330 3577 383 3639 fuit
397 3584 531 3645 Comicus
540 3588 628 3647 Po'e'ta
668 3581 738 3641 Vox
757 3579 864 3659 aly&
884 3577 1023 3663 fignificat
1043 3580 1090 3643 hir
1113 3593 1161 3641 ant

139 3665 335 3739 Athenienfis,
364 3665 441 3739 cujus
468 3668 536 3729 nihil
555 3666 629 3737 lere,
667 3663 813 3745 opinionem,
834 3684 883 3728 aut
903 3662 931 3725 id
951 3665 1027 3747 quod
1042 3669 1108 3729 ratio
1121 3664 1157 3724 li·

139 3770 240 3833 praeter
263 3745 516 3825 assentatore,
542 3749 629 3815 hodie
667 3748 837 3831 venspallur
858 3748 937 3823 velit,
958 3770 1023 3814 cum
1039 3748 1159 3827 dicimus

138 3852 222 3912 extat,
736 3856 758 3909 4
1083 3836 1162 3913 hup&

1277 85 1353 168 art
