2792 4550
1020 10 1110 22 -ν-ν-ι-ι·
1125 12 1131 14 -
1146 12 1184 15 ---

261 134 980 254 enacmuurn

94 313 149 373 ut
179 289 245 373 ille
262 289 335 399 qui
354 286 467 381 dixit,
496 288 715 365 METPON
744 287 986 375 ΑΡΙΣΤΟΝ,
1012 274 1131 359 modus

95 413 291 525 optimos:
335 412 410 493 five
440 406 516 489 hoc
549 403 594 485 fit
617 402 794 514 sapientie
821 406 1130 514 pronuntiatum,

96 542 168 621 seu
188 539 339 620 donum
358 530 553 616 hominibus
569 528 592 611 d
607 532 697 611 Deo
714 528 872 624 datum3
900 555 992 609 nam
1004 524 1131 636 Apol·

96 666 183 746 line
202 664 364 776 quidem
377 659 641 769 digniffimum
658 654 719 760 est,
748 656 1022 764 digniffimum,
1041 680 1129 734 mo·

99 790 253 871 dorum
272 787 477 869 inventore.
505 782 658 881 Deinde
674 780 887 891 appellatur
900 781 1131 863 Mettum&

100 916 146 996 id
167 898 300 1023 iplum
323 912 427 1023 quod
443 910 615 1006 metitur,
630 910 670 989 dc
689 908 730 989 id
745 908 851 1018 quod
868 906 1046 987 mensum
1058 905 1132 985 est:

102 1065 153 1137 ut
181 1066 278 1119 cum
294 1038 548 1133 medimnum,
578 1035 618 1115 u
635 1032 676 1114 id
699 1032 806 1141 quod
828 1030 1047 1113 medimnus
1067 1056 1132 1110 ‹a-

99 1166 180 1273 pit,
212 1166 391 1247 Metrum
407 1188 603 1258 vocamus,
632 1158 718 1241 sand
735 1182 897 1265 utraque
913 1185 957 1236 ea
974 1183 1032 1237 res
1044 1183 1130 1238 me-

96 1290 264 1371 dimnus
284 1288 362 1371 dici
389 1286 509 1368 solet:
539 1284 636 1365 item
661 1284 689 1364 fi
710 1282 861 1393 poffum
884 1308 961 1377 vas,
990 1282 1032 1359 in
1049 1306 1132 1390 quo

96 1414 283 1525 aliquam
297 1414 552 1522 quantitatem
569 1411 721 1509 metior,
745 1406 934 1519 appellare
952 1408 1031 1518 χόα
1047 1434 1131 1487 con-

93 1542 227 1653 gium,
261 1542 381 1624 etiarn
409 1538 643 1623 econtratio
666 1538 788 1647 ipsam
810 1533 1065 1646 quantitatem
1090 1531 1132 1615 in

98 1694 139 1746 oo
168 1680 375 1749 contentam
404 1662 641 1775 appellamus
668 1662 777 1773 χόας
815 1659 976 1771 [itidem
1002 1656 1132 1765 ipsum

101 1790 275 1901 lignum,
306 1790 411 1902 qudd
427 1789 707 1901 longitudinem
724 1786 838 1871 habet
860 1787 974 1867 unius
992 1784 1130 1883 cubiti,

100 1914 348 2026 appellamus
371 1912 577 2022 cubitum]

131 2070 199 2154 .7.
228 2044 373 2124 Pariter
398 2044 499 2125 &in
521 2043 694 2152 praesenti
720 2043 896 2125 instituto
915 2041 1037 2123 Metti
1055 2068 1127 2122 no-
1142 2059 1217 2152 Qo
1227 2057 1255 2117 in
1277 2076 1305 2119 n

100 2196 196 2249 men
224 2168 274 2247 ad
294 2167 418 2249 multa
441 2168 631 2279 pertinet:
660 2196 753 2249 nam
778 2170 819 2249 te
836 2170 1014 2249 Mettum
1031 2167 1129 2249 dici·
1143 2140 1259 2205 ΜΨ·

100 2323 194 2376 mus
223 2292 416 2401 quidquid
443 2293 551 2400 prosa
583 2319 661 2375 non
689 2295 762 2375 est:
790 2319 836 2376 ut
863 2321 955 2375 cum
980 2321 1131 2403 eaquae

101 2419 253 2528 sctipfit
279 2416 403 2516 Plato,
444 2419 622 2527 prosam;
655 2448 740 2529 quae
764 2421 972 2517 Homerus,
1001 2423 1131 2502 Metra

102 2547 282 2628 nomino·
337 2547 515 2628 Mettum
532 2547 650 2626 etiam
667 2545 808 2629 dicitur
825 2573 986 2656 quaque
1004 2547 1128 2629 Metti

103 2671 273 2780 species3
301 2694 347 2751 ut
372 2699 466 2751 cum
490 2671 591 2770 dico,
620 2672 798 2753 Mettum
820 2672 1009 2773 Ionicum,
1036 2675 1128 2755 Me·

104 2819 212 2910 trum
231 2794 465 2894 iambicum,
493 2796 673 2877 Metmm
689 2793 969 2879 Trochai'cum.
1026 2800 1128 2880 Item

106 2925 234 3006 versus
253 2921 390 3032 finguli
410 2922 651 3032 appellantur
669 2926 869 3006 Mettum:
897 2949 942 3008 ut
958 2954 1050 3008 cum
1066 2927 1128 3006 di-

104 3065 182 3145 cu;
218 3049 347 3160 prima
375 3049 538 3129 Homeri
571 3047 790 3159 Rhapsodia
815 3051 953 3131 Mettis
979 3053 1127 3132 constat

105 3176 306 3276 sexcentis,
334 3175 375 3256 id
400 3172 505 3282 qudd
527 3173 673 3281 Ulyffes
697 3176 886 3256 Metricus
906 3177 1128 3257 observavit.

107 3305 201 3411 Jam
219 3301 311 3383 verd
325 3305 364 3383 do
379 3301 524 3408 pedum
541 3303 708 3382 duorum
721 3301 1026 3408 conjugationem
1036 3305 1126 3384 Me-

106 3452 214 3510 trum
232 3451 428 3524 vocamur,
455 3451 501 3507 ut
518 3454 609 3509 cum
627 3429 874 3508 Trimetrum
890 3427 1127 3536 appellamus

107 3553 329 3638 iambicum
347 3549 471 3650 illum,
499 3551 568 3661 qui
586 3551 730 3635 constat
746 3552 840 3634 senis
853 3553 1021 3662 pedibus.
1056 3558 1124 3665 Ip-

1039 3685 1125 3766 sum

190 3807 283 3895 “sse
302 3819 374 3890 tra
393 3821 496 3888 incdit.
510 3831 595 3888 oxon.
638 3823 674 3909 B,

948 3933 959 3965 ¹
979 3927 1128 4000 normata
