2792 4550
267 134 306 221 F
348 138 387 223 R
426 136 465 223 Α
504 138 546 223 G
589 134 644 221 M
683 130 724 219 E
768 131 814 219 N
852 136 987 220 TA.
1225 124 1313 245 265

115 274 205 362 nim
223 308 315 363 curn
331 280 379 361 ab
395 278 534 363 aerariis
558 275 675 361 fabris
697 272 855 360 malleos
876 276 1056 361 deorsum
1075 278 1138 360 in-

119 400 203 489 cuti
225 406 419 507 aidanus,
456 402 568 489 fimul
594 402 711 485 etiam
730 400 990 513 'Rhythmtim
1016 430 1144 515 quen·

118 526 212 611 dam
244 527 424 611 audimus
454 556 466 607 r
519 524 614 612 item
646 553 840 639 equorum
873 524 1033 609 inccffus
1067 554 1146 637 pro

120 652 327 765 Rhydnmo
354 652 598 753 habitandi,
633 674 784 743 necnon
810 652 970 740 micetio
995 653 1140 761 digito-

22 866 28 875 .
120 806 223 881 rum,
239 786 281 864 δι
296 807 385 893 apta
401 783 667 897 membrorum
684 778 956 880 conformatio,
969 784 1009 865 dr
1022 779 1140 865 chor-

119 904 261 989 darum
290 933 430 1009 motus,
459 910 501 991 dr
527 908 661 993 avium
686 906 937 991 volitantium
963 906 1142 1017 plausust

120 1054 163 1115 at
184 1032 260 1113 fine
282 1034 461 1135 diffione,
490 1062 576 1145 quae
596 1036 637 1117 de
662 1033 750 1115 talis
774 1033 821 1115 fit
842 1034 883 1115 de
900 1057 1018 1133 tanta,
1045 1034 1138 1119 Me·

120 1180 228 1239 trum
244 1160 439 1242 consrstere
459 1188 536 1241 non
554 1160 688 1269 potest„
934 1200 941 1211 ·
1246 1172 1251 1177 ’

184 1282 368 1383 Praeterea
398 1288 578 1371 Mettum
611 1286 634 1371 ὲ
669 1282 875 1395 Rhythmo
905 1284 1047 1385 differt,
1092 1314 1145 1371 eo

119 1408 229 1521 qudd
246 1415 423 1495 Mettum
441 1437 614 1525 tempora
638 1410 777 1493 habeat
799 1411 878 1494 fixa
900 1440 946 1499 ac
970 1412 1141 1512 definita,

121 1538 285 1647 longum
311 1540 455 1625 scilicet
481 1544 522 1624 de
546 1544 673 1640 breve,
710 1542 752 1623 dt
778 1538 923 1623 horum
952 1541 1140 1639 medium,

122 1666 231 1775 quod
246 1694 454 1754 commune
470 1667 664 1779 appellant
671 1705 683 1763 3
711 1668 817 1778 quod
840 1668 969 1776 ipsum
984 1694 1147 1779 quoque

122 1790 287 1873 omnino
303 1794 343 1873 de
360 1792 520 1905 longum
536 1797 576 1877 de
593 1794 704 1879 breve
720 1795 793 1877 est:
822 1792 1049 1903 Rhythnms
1070 1820 1143 1875 au-

124 1940 205 1999 tem
232 1943 404 2031 tempora
430 1922 479 2003 ad
495 1919 650 2017 libitum
667 1921 865 2029 producat,
896 1920 947 2003 fic
964 1944 1009 2003 ut
1026 1922 1141 2005 breve

124 2067 277 2155 tempus
295 2045 456 2154 longum
479 2047 575 2156 saepd
598 2046 752 2128 efficiat.
804 2050 907 2153 Rem
930 2048 986 2129 ita
1005 2046 1051 2134 se
1068 2046 1139 2131 ha·

123 2171 227 2271 bere,
256 2172 373 2255 &illa
389 2174 411 2255 d
428 2175 465 2256 se
483 2176 650 2257 invicem
666 2171 833 2271 differre,
861 2172 990 2253 Potrae
1004 2173 1141 2257 sciunt.

124 2300 335 2408 Capiamus
344 2299 519 2410 exempla
536 2328 584 2381 ex
598 2299 803 2381 Comoediai
820 2298 862 2376 in
878 2321 1034 2404 gravem
1045 2297 1144 2406 Phi·

125 2424 344 2536 losophiam
365 2423 543 2534 jocante:
584 2451 726 2534 nempe
754 2427 922 2504 Socrates
942 2423 997 2504 ait
1019 2423 1142 2532 (licet

127 2583 207 2635 eum
226 2550 378 2632 irrideat
393 2547 687 2662 Aristophanes)
706 2566 833 2630 utrum
856 2546 900 2631 de
915 2549 1062 2649 Mettis,
1091 2580 1142 2634 an

128 2679 171 2761 de
198 2677 312 2792 Epiro
334 2681 451 2790 verstr,
480 2673 595 2760 ande
619 2672 839 2785 Rbythmis?
869 2672 1060 2757 Distinxit
1078 2676 1145 2762 ille

128 2810 257 2890 Merra
279 2805 328 2886 ab
344 2801 581 2914 Rhythmis:
610 2802 740 2911 itaque
763 2800 804 2880 in
830 2799 1009 2911 exemplo
1024 2803 1145 2888 allato

128 2935 208 3016 duo
228 2933 309 3016 haec
331 2933 584 3026 observanda3
613 2927 864 3040 Rhythmum
878 2930 902 3012 d
918 2933 1050 3015 Metro
1064 2931 1145 3016 dif-

128 3059 240 3158 ferre,
268 3064 307 3142 &
331 3081 471 3139 veteres
488 3061 710 3140 Metrorum
736 3057 924 3138 rationem
947 3059 1144 3168 praeceptis

130 3185 445 3296 comprehensam
463 3183 639 3266 didicisse

186 3314 224 3394 6.
251 3311 426 3390 Mettum
444 3311 492 3392 de
505 3307 638 3389 multis
654 3309 763 3389 rebus
779 3309 936 3391 dicitur}
976 3311 1086 3402 Nam
1101 3314 1150 3400 dt
1158 3343 1319 3406 umus,

130 3440 296 3525 modum
314 3436 393 3546 [seu
410 3429 734 3542 mediocritatem]
750 3437 954 3524 Menum
943 3459 1140 3523 vocamus
1129 3449 1286 3594 zm

954 3650 958 3658 .
1024 3652 1029 3663 ,
1101 3599 1149 3659 Ut
1158 3597 1208 3674 uus
1188 3613 1282 3678 equor

1022 3736 1025 3745 .
1153 3679 1301 3765 fignrficara

272 3757 449 3826 mderrtnd
451 3755 651 3825 re.sseoGls-
699 3763 833 3822 ⁴v0ces
894 3779 1020 3830 armam
1011 3761 1263 3829 absumbabrar.

130 3847 207 3906 s
211 3849 334 3914 or
300 3845 468 3932 exrginma
450 3843 621 3932 neuhead-
662 3843 915 3912 σιόιινιι
915 3853 975 3916 Β

129 3889 276 4006 ornain
1072 3934 1149 3995 ¹1ta
