2792 4550
259 80 353 170 DE
407 85 928 178 SUBLIMITATE
980 87 1054 182 &o

150 226 337 334 quoniam
354 253 485 308 ornnes
501 255 562 310 eas
583 231 756 313 accurate
773 232 815 312 in
837 234 996 342 praesens
1008 239 1166 317 nature

150 351 267 434 multi
293 350 432 434 laboris
462 355 562 454 effet,
602 357 664 438 seu
691 358 820 467 potius
846 359 1003 460 infiniti,
1029 389 1079 442 ex
1104 357 1165 438 his

147 497 300 588 paucae,
326 505 414 590 quae
431 479 716 564 Sublimitatern
731 485 918 585 efficiunt,
929 485 1165 568 confirman-

146 605 188 688 di
205 607 246 689 id
269 609 375 717 quod
400 605 426 686 ἃ
447 605 543 688 nobis
562 609 729 717 pofitum
752 611 807 692 est
828 612 941 692 musi
966 635 1164 721 percurre-

145 757 246 816 mus.
299 733 573 817 Probutionem
594 735 872 835 Demosthenes
897 735 1009 819 affert
1027 737 1076 816 de
1101 733 1162 830 iis,

145 885 234 967 quae
251 854 331 967 eise
357 859 397 967 in
423 861 752 944 administratione
778 862 884 943 urbis
910 863 1010 972 gesta
1030 883 1163 943 etant:

145 984 326 1089 Qinam
359 1007 491 1066 autem
520 987 609 1068 effet
638 987 820 1070 naturalis
842 989 921 1096 ejus
944 983 1166 1098 probationis

145 1110 264 1192 usus?
289 1129 419 1220 nempe·
433 1110 505 1212 hic,
534 1114 674 1194 “Non
697 1112 800 1194 male
830 1111 982 1212 fecistis,
1016 1117 1055 1194 O
1083 1137 1163 1208 vos,

149 1241 176 1282 “
202 1235 272 1348 qui
284 1257 479 1320 certamen
493 1238 630 1320 iniistis
647 1266 718 1348 pto
731 1238 905 1320 libertate
918 1244 1162 1332 Graecorunn

146 1371 173 1406 “
199 1362 349 1444 habetis
368 1387 501 1444 autem
519 1363 725 1446 domestica
744 1361 855 1467 hujus
871 1363 1047 1476 exempla
1056 1402 1071 1460 3
1098 1391 1164 1482 ne-

146 1496 174 1532 “
201 1515 278 1597 que
301 1488 407 1570 enim
430 1487 534 1568 male
564 1487 737 1572 fecerunt
764 1489 835 1589 illi,
863 1489 932 1599 qui
957 1493 1007 1572 ad
1029 1494 1165 1574 Mata-

146 1619 174 1660 “
201 1613 320 1694 thona
340 1613 606 1724 depugnarunt,
634 1644 760 1726 neque
786 1617 857 1724 qui
882 1606 932 1696 ad
959 1613 1161 1716 Salamina,

145 1747 173 1784 “
200 1767 325 1852 neque
352 1741 423 1850 qui
449 1741 499 1822 ad
522 1739 717 1822 Plataeas.”
773 1743 858 1840 Sed,
886 1770 1012 1850 quum
1036 1740 1163 1852 (velut

142 1871 304 1952 numine
332 1891 486 1978 repente
512 1867 663 1952 afflatus
682 1871 723 1950 &
739 1868 845 1979 quast
861 1868 1012 1950 Phoebo
1035 1871 1161 1979 perci-

143 2021 204 2078 tus
217 1993 233 2103 )
246 1995 512 2104 jusjurandum
534 1993 632 2076 illud
648 2023 717 2104 per
734 1997 1036 2107 propugnatores
1048 2001 1160 2079 Grae-

142 2151 280 2206 corum
302 2123 435 2221 edidit,
471 2123 619 2206 “Non
640 2121 742 2204 male
767 2120 932 2220 fecistis3
959 2153 1052 2220 non,
1067 2125 1161 2231 juro

143 2257 171 2295 “
199 2275 266 2359 per
293 2273 369 2348 008,
397 2249 466 2357 qui
494 2243 539 2331 in
563 2246 796 2331 Marathone
823 2249 933 2331 antei
956 2248 1162 2358 periclitati

144 2386 171 2423 “
199 2378 327 2477 sunt,”
365 2373 515 2457 videtur
545 2374 619 2456 haic
649 2376 728 2456 uni
755 2375 999 2483 jurisjurandi
1026 2372 1160 2482 figuti,

140 2532 264 2615 quam
296 2502 364 2583 hic
394 2500 665 2612 Apoſtrophen
691 2499 858 2611 appello,
902 2500 1062 2610 majores
1074 2504 1163 2614 suos

140 2634 247 2714 Deos
263 2628 423 2728 efficere,
452 2629 655 2737 (docendo,
682 2626 790 2737 quod
810 2650 984 2736 oporteat
999 2656 1066 2738 per
1082 2657 1158 2729 eos,

139 2759 275 2871 quistc
291 2757 314 2841 ὲ
331 2757 412 2839 viti
428 2755 659 2854 excesserint,
688 2778 877 2863 tanquam
892 2782 961 2865 per
973 2758 1079 2839 Deos
1094 2759 1160 2867 ju-

139 2888 269 2995 rare);
301 2886 497 2997 judicibus
532 2906 663 2965 autem
693 2883 815 2965 animi
849 2883 1161 2990 magnitudinem

140 3040 290 3118 eorum,
317 3015 389 3125 qui
413 3011 496 3096 illtc
517 3010 614 3093 olim
634 3008 853 3121 periculum
866 3008 1068 3107 subierant,
1098 3008 1160 3087 in-

989 3134 1160 3216 sinuaret

140 3357 464 3426 tedeindustriiusum
485 3356 535 3431 iic,
556 3355 629 3421 urse
712 3346 1158 3430 L13.Oirirrtiaear&t.l

141 3445 251 3508 habent
271 3446 353 3513 MSti,
379 3444 536 3527 scripiiffet
569 3449 631 3505 Ma·
671 3442 747 3506 vide
761 3441 857 3503 locum
871 3434 1160 3501 inuamottheniso·

140 3526 544 3591 nutiutverovideturtetturn
552 3534 630 3589 Lon·
670 3544 723 3587 rat.
743 3544 798 3605 pro
811 3523 944 3614 Coroni,
956 3544 989 3607 p.
1003 3541 1072 3610 ¹24,
1085 3524 1157 3590 Edit.

141 3613 275 3759 piniffi
290 3609 473 3757 s¹²⁰E³ibiffl⁰
486 3612 630 3765 iffi}-
671 3613 770 3696 ⁰¹9²

154 3716 202 3757 aa
278 3716 326 3763 em
383 3708 506 3767 monum
617 3730 630 3745 ·

140 3778 243 3851 thenit.
332 3776 333 3779 ’
525 3777 528 3783 “

1086 3864 1163 3933 1.ιέ
1221 3915 1245 3935 χ

1262 123 1339 206 too
