2792 4550
236 141 329 230 DE
381 128 905 230 SUBLIMITATE
951 142 1028 230 &c'

119 285 252 374 decuit
269 277 445 398 pupillas,
473 283 665 395 quaesunt
686 281 727 362 in
751 279 874 364 oculis
889 279 1037 385 nostris,
1065 289 1140 399 aph*

122 411 263 524 pellare
281 413 478 521 “virgineo
488 407 753 489 verecundas?
770 405 1038 515 Qaleautem
1053 425 1140 493 me-

122 536 281 622 hercule
298 539 366 638 est,
392 525 606 646 persuasum
627 531 766 614 habere
781 534 960 616 omniurn
973 537 1141 649 pupillae
1212 637 1219 646 ι

122 665 201 749 sme
217 666 437 748 discrimine
453 661 681 744 verecundae
698 659 819 760 foisse,
840 687 933 742 cum
947 664 1065 772 vulgo
1077 665 1139 746 dia

122 817 221 874 cunt
239 788 347 870 nulld
373 789 412 868 in
435 815 475 868 re
493 783 776 898 impudentiam
792 790 1035 897 quorundam
1059 815 1141 874 tam

122 914 308 999 declarari
325 913 441 1024 quim
460 914 501 993 in
519 911 667 996 oculis?
692 937 807 996 vocat
823 913 956 1024 aliquis
970 915 1040 1023 (sc.
1051 917 1140 998 Ho-

126 1039 276 1146 merus)
292 1038 464 1122 honinem
482 1041 762 1150 impudentem,
790 1047 817 1084 “
835 1041 874 1121 0
892 1041 1138 1143 Temulente,

128 1168 337 1249 “caninos
367 1166 500 1248 oculos
530 1163 709 1246 habens.'’
764 1165 938 1247 Timaeus
966 1169 1139 1276 quidem,

127 1291 254 1403 utqui
272 1285 466 1372 fir'rtivum
483 1287 644 1396 aliquod
659 1283 850 1394 attigerit‚'
867 1315 916 1369 ne
938 1287 1013 1370 hoc
1031 1291 1142 1400 frigi-

124 1421 223 1503 dum
240 1417 381 1499 dilium
403 1411 654 1522 Xenophonti
682 1412 863 1522 reliquit:
889 1439 1030 1524 nempe
1048 1417 1145 1500 dicit

121 1545 174 1626 de
191 1537 407 1649 Agathocle
432 1538 551 1620 etiam
574 1535 661 1633 hoc,
690 1544 717 1581 “
734 1533 848 1619 illurn
876 1539 1142 1624 consobrinam

127 1675 156 1712 ‘⁸
184 1666 292 1748 alteri
318 1665 359 1744 in
382 1661 538 1772 cory’ugio
564 1661 694 1744 datam
728 1663 777 1744 ab
807 1661 894 1771 ipsis
920 1666 1143 1748 muneribus

127 1801 156 1838 “
183 1787 418 1902 nuptialibus
441 1787 653 1900 abripuisse,
682 1788 724 1868 dt
739 1788 890 1871 abiisse:
918 1793 1040 1901 Qud
1055 1795 1143 1904 quit

129 1925 157 1962 ‘⁸
185 1913 335 2015 fecisset,
373 1913 444 2025 qui
471 1915 513 1996 in
541 1911 663 1996 oculis
690 1913 868 2022 virgines,
903 1943 982 1998 non
1006 1917 1141 2018 scorta,

130 2051 157 2086 “
183 2039 338 2122 haberet
352 2041 400 2121 ?”
429 2039 541 2148 Qid
568 2061 699 2120 autem
717 2036 827 2148 facit
853 2037 964 2122 Plato
991 2039 1033 2122 in
1058 2041 1144 2126 aliis

130 2167 241 2249 rebus
257 2165 420 2277 scriptor
436 2167 614 2247 divinus?
643 2193 737 2245 cum
753 2165 846 2246 velit
867 2167 993 2248 dicere
1014 2165 1144 2268 libros,

135 2293 395 2403 “postquam
431 2290 616 2397 (inquit)
650 2289 877 2398 scripserint,
922 2293 963 2370 in
990 2293 1146 2402 templit

133 2426 161 2464 “
189 2418 381 2525 deponent
403 2414 589 2523 cupressea
606 2438 857 2495 monumenta
875 2418 919 2492 :'’
946 2416 1147 2526 rursusque

104 2622 107 2629 ,
132 2554 163 2625 .“
192 2542 313 2646 Qtod
329 2542 377 2623 ad
394 2568 524 2622 muros
537 2542 683 2637 attinet,
704 2542 742 2619 Ο
758 2536 931 2647 Megille,
942 2570 1015 2652 ego
1029 2535 1148 2627 assen-

134 2684 163 2779 .“
190 2674 261 2756 tiar
272 2674 427 2781 Spartae,
446 2670 504 2751 uti
523 2669 689 2751 dormire
706 2665 871 2751 mamus
888 2698 1018 2753 muros
1033 2670 1148 2757 humi

912 2818 915 2827 ·
973 2806 999 2842 tt
1019 2796 1149 2907 jacen.

137 2934 168 2991 dt
191 2924 293 2987 nullius
314 2924 407 3008 pretii,
434 2922 528 2986 serum
548 2920 622 2983 elam
660 2920 720 2981 lum
741 2940 897 2985 amoveret
918 2922 983 2983 hiric
997 2923 1069 2994 dier,
1088 2942 1148 3005 quo

136 3012 256 3075 abstulit.
661 3006 717 3065 hoc
731 3008 875 3087 penatium
890 3006 957 3069 esset
974 3006 1150 3069 &aanor

137 3128 139 3135 ·
177 3101 212 3160 L.
228 3118 257 3167 9.
277 3090 333 3155 sse)
346 3086 391 3164 ri]
418 3093 486 3152 Vox
500 3090 528 3151 nl
542 3091 624 3170 poni-
662 3089 749 3154 ‘ricta
767 3106 886 3149 vocatus
907 3092 965 3152 este
986 3093 1033 3153 vel
1053 3092 1148 3175 potius

136 3198 181 3242 rur
203 3176 249 3237 hic
265 3196 316 3259 pro
334 3174 410 3241 eine.
436 3192 466 3233 ut
480 3170 621 3255 saepislimi
664 3189 781 3234 munera
802 3192 847 3243 ea,
873 3194 935 3251 quae
955 3194 992 3233 eo
1010 3174 1055 3235 die
1071 3176 1150 3236 velut

138 3266 170 3325 iu
185 3262 239 3322 hoc
253 3281 340 3343 opere
354 3258 438 3343 possit
449 3256 554 3319 videre.
664 3257 828 3338 virginitatit
835 3254 936 3316 amisse
944 3259 1057 3337 praemia
1065 3257 1151 3336 spon·

138 3366 142 3375 ·
183 3335 623 3410 1,.ιο.ἘιιηΐιΓὺιικαλυτΊη·
663 3339 863 3410 sedarentur,
883 3340 938 3400 luc
954 3358 1025 3401 voce
1044 3336 1152 3423 signifi<
1204 3388 1208 3393 .

138 3424 225 3500 elev]
241 3428 259 3487 i.
275 3446 300 3488 e.
317 3446 353 3487 eo
368 3428 428 3511 ipso
436 3425 492 3497 die,
500 3428 547 3506 qui
561 3424 622 3506 posi
666 3442 772 3486 eanmr.
847 3464 851 3469 ι

138 3508 377 3605 nuptiatrlluxita
398 3511 477 3592 Apud
494 3510 625 3637 antiquop
687 3512 746 3647 11¹2
747 3498 1062 3651 diubuldum?
1078 3508 1150 3652 illpzlc

136 3617 208 3751 ἓξ,
224 3588 626 3754 itiusepidirsrtquiaevtiaitaiirades·
665 3594 753 3745 pade
774 3672 908 3752 legibus,
934 3674 983 3736 illa
998 3674 1068 3742 vend
1090 3640 1152 3759 qut·

140 3764 270 3823 ducerer
301 3756 398 3839 postei
421 3760 537 3836 pendis
557 3775 624 3838 nup·
667 3754 799 3838 sequitur,
819 3755 851 3815 in
868 3752 888 3821 Ι.
904 3768 932 3821 ⁶.

139 3848 200 3917 tiit,
219 3842 355 3929 pronuba
370 3836 499 3904 offitium
513 3838 565 3931 suit
577 3860 626 3915 ue,

1077 3923 1162 3991 La.

1230 154 1289 257 2'9
