2792 4550
118 201 120 208 ι
281 122 373 230 DE
425 117 951 226 S'U'BLlMITATE
998 121 1072 232 lic

166 271 240 388 liz,
268 287 460 382 Honores,
488 280 718 392 Dignitates,
737 282 916 392 Imperia,
941 287 982 368 δι
998 316 1182 398 quacun.

166 439 319 522 cunque
338 411 414 492 alia
439 405 612 491 multum
638 409 774 516 tragici
798 407 913 492 fastus
935 413 1044 494 extrai
1066 431 1183 525 appa.

164 541 278 621 renris
305 537 463 633 habent,
491 559 568 616 non
596 533 748 644 pollunt
772 537 894 618 videri
925 539 1084 648 sapienti
1111 539 1184 621 effe

163 665 265 748 bona
288 661 512 774 praestantia,
540 681 711 770 quorum
734 678 978 770 contemptus
1004 665 1084 772 ipse
1101 691 1181 746 non

158 793 362 874 ‚mediocre
377 789 521 870 bonum
535 786 591 868 est
600 823 613 882 ;
631 787 778 896 quippe
798 787 870 885 illi,
889 791 958 896 qui
975 790 1023 872 iis
1039 789 1181 872 fruun-

164 940 244 1016 tur,
273 917 398 998 minus
414 913 661 996 admirationi
678 915 766 996 sunt
779 915 898 1025 quarn
915 915 987 1016 illi,
1007 919 1077 1028 qui
1090 917 1181 1030 pos·

165 1045 255 1127 lunt
269 1041 417 1142 habere,
445 1041 486 1122 dt
508 1056 630 1124 tamen
652 1061 906 1124 contemnunt
922 1069 1080 1154 propter
1095 1045 1182 1126 ani-

167 1171 224 1253 mi
251 1167 586 1278 magnitudinem:
616 1163 770 1246 Eodem
785 1169 1041 1248 modoetiam
1056 1169 1103 1248 de
1119 1168 1179 1268 iis,

167 1323 249 1407 quae
271 1293 461 1378 Sublimia
478 1283 567 1372 sunt
584 1291 624 1370 in
641 1291 885 1397 podntatibus'
901 1292 1078 1400 &solutis
1093 1321 1180 1378 oras

163 1423 346 1517 tionibus,
386 1417 596 1497 videndum
622 1415 688 1514 est,
729 1441 778 1495 ne
803 1415 991 1500 nonnulla
1016 1416 1181 1505 habeant

1274 173 1333 263 35

120 1562 131 1582 ”
164 1545 267 1627 hanc
292 1539 569 1650 magnitudinis
594 1539 771 1652 speciem,-
800 1541 891 1649 (cui
914 1543 1089 1626 multum
1112 1549 1183 1628 ad-
1307 1591 1311 1598 2

165 1671 285 1754 haeret
312 1687 453 1750 temere
475 1665 689 1776 allistum);
717 1667 908 1777 explicata
934 1670 1025 1752 verd
1043 1673 1182 1754 deinde

103 1779 108 1790 ⁵
163 1799 410 1881 inveniantur
437 1795 588 1877 tumida
598 1794 725 1906 surffe,
754 1823 840 1905 quae
860 1797 1051 1908 despicere
1067 1826 1181 1909 gene·-

163 1925 280 2008 rolius
310 1924 368 2006 est
399 1920 518 2034 qudm
542 1921 736 2006 admirari,
804 1923 1045 2008 Naturaliter
1074 1931 1182 2012 enim

162 2052 314 2132 animus
337 2049 462 2129 noster
489 2049 579 2128 verri
606 2047 850 2130 sublimitate
872 2050 1054 2150 elevatur,
1080 2053 1179 2135 recia

163 2177 345 2289 piensque
362 2175 562 2284 superbam
579 2175 774 2283 quandam
791 2177 1023 2257 erefflonem
1039 2178 1181 2287 imple-

163 2327 228 2384 tur
253 2298 390 2409 gaudio
418 2304 459 2381 dt
485 2300 723 2405 gloriatione,
763 2324 950 2406 tanquam
980 2300 1059 2406 ipse
1088 2319 1181 2409 pro·

163 2424 329 2511 duxisset
345 2423 386 2506 id
402 2424 507 2533 quod
520 2419 642 2531 saltim
658 2423 816 2503 audivit.
869 2424 1040 2529 Qando
1066 2425 1183 2537 igitur

163 2551 325 2663 aliquid,
354 2546 492 2659 sapius
507 2548 686 2631 auditum
709 2550 760 2631 ab
783 2548 941 2630 homine
964 2549 1182 2667 intelligen.

163 2702 201 2761 te
225 2682 265 2761 dr
289 2676 497 2785 inscriptis
521 2676 679 2777 versato,
707 2679 883 2760 animum
905 2678 982 2789 ejus
1006 2710 1085 2765 non
1101 2686 1180 2768 cela

164 2786 299 2887 florem
327 2802 455 2901 faciat,
495 2830 620 2913 neque
647 2799 840 2912 relinquat
863 2804 904 2883 in
931 2806 1064 2889 animo
1094 2811 1183 2919 plus

164 2931 393 3041 cogitatione
410 2953 643 3037 conceptum
662 2928 783 3037 qudm
800 2928 923 3011 verbis
942 2934 1182 3041 expressum,

150 3063 275 3143 radat
301 3082 443 3157 autem,
480 3056 578 3139 satu
601 3054 697 3139 illud
728 3056 870 3139 affidue
898 3061 1179 3172 contempleris,

164 3186 205 3267 in
223 3187 264 3269 id
281 3186 388 3297 quod
404 3182 499 3265 exile
515 3184 558 3267 li
575 3182 775 3265 minutum
788 3184 843 3265 est
852 3221 865 3281 ι
894 3212 972 3265 non
988 3188 1113 3295 potest
1129 3187 1182 3269 il-

163 3307 232 3391 lud
255 3310 325 3391 elle
350 3308 572 3393 Sublimitas
597 3332 698 3407 vera,
732 3334 819 3418 quae
843 3336 922 3389 non
946 3309 1047 3389 ultrd
1068 3311 1180 3393 audi-

164 3458 254 3550 tum
270 3441 459 3545 perdurat
499 3436 605 3519 ¹Hoc
632 3434 740 3517 enim
768 3435 895 3519 revera
910 3460 1097 3545 magnum
1112 3438 1181 3539 est,

164 3668 395 3827 viniani
390 3668 515 3753 llatae*
516 3674 655 3759 radere]
697 3670 877 3737 adsta-,ro
842 3672 902 3751 ιο.)
923 3550 1187 3774 ιιὶῦοιοίίιῗιὲἳιῗ

164 3758 575 3923 ppfiathl
547 3674 714 3848 miaetd
705 3758 1187 3843 *rohtuteuutarmabet

163 3850 296 3941 quater
312 3796 819 4003 equduiulmraddyssaet.
1099 3932 1188 4015 hi
