2792 4550
1156 13 1395 35 Ὑ-ᾑ

317 208 1031 303 ΡΚΑΟΜΕΝΤΑ
1267 228 1354 326 an

166 353 266 437 tium
284 356 331 437 ab
354 382 489 463 genere
511 355 635 439 facere
657 356 762 441 haud
778 360 903 445 visum
919 364 985 463 est,
1012 360 1119 474 qubd
1135 390 1181 445 ea

166 481 325 588 quaestio
349 480 436 562 esset
459 482 563 571 mere
580 482 777 582 technica3
805 514 876 567 nee
901 512 969 569 aut
993 486 1178 597 syllabam

163 604 329 705 definiri,
356 630 423 689 aut
438 606 515 717 ejus
531 607 806 721 etymologiam
817 610 958 710 afferri,
985 614 1033 694 ad
1047 616 1180 695 Merra

165 734 247 844 ipsa
264 735 473 848 quicquam
490 736 689 821 conferret.
735 744 888 823 Tamen
903 740 969 825 ille
984 768 1031 821 eo
1047 738 1178 821 nomi·
1231 741 1236 747 ’

165 884 215 943 ne
231 857 254 939 ὲ
270 858 452 943 technicis
469 862 714 975 reprehensus
729 863 793 945 est.
866 934 869 939 .

227 1012 287 1075 12·
313 989 502 1077 Definitio
529 1050 691 1077 .....
719 990 940 1105 sylhbflest
960 991 1175 1048 sesses
1190 1004 1313 1166 mr,

1190 1170 1314 1251 λοβόν

1188 1271 1243 1321 tur.

225 1648 240 1703 r
248 1648 283 1731 3.
299 1623 482 1705 Praeterea
496 1622 636 1734 syllaba
648 1622 742 1707 hinc
754 1650 896 1705 nomen
913 1621 1061 1722 habuit,
1071 1618 1176 1730 qubd
1190 1639 1349 1720 annologio

162 1745 286 1831 literas
304 1748 430 1860 plures
448 1753 489 1833 in
506 1752 542 1831 se
561 1778 637 1835 una
655 1750 966 1860 comprehendat,
991 1778 1078 1860 quae
1106 1748 1175 1828 sub
1188 1722 1303 1799 Μ’·

161 1875 280 1959 unico
306 1877 398 1959 sono
421 1878 567 1989 percipi
592 1880 755 1989 poffint:
783 1878 854 1959 nisi
880 1880 968 1987 quis
994 1876 1174 1987 loquatur

160 2001 208 2101 de
225 2002 271 2083 iis
288 2003 450 2112 syllabis,
478 2031 566 2113 quae
585 2004 694 2087 literas
710 2004 788 2085 uns
804 2004 997 2089 constant:
1015 2003 1079 2085 sed
1091 2000 1173 2082 haee

161 2127 321 2235 quidem
338 2126 523 2209 technicis
540 2128 780 2236 disquirenda
799 2126 1070 2236 relinquamus.

224 2279 283 2357 14.
318 2253 364 2333 In
392 2280 432 2333 re
464 2252 622 2335 metrici
649 2251 750 2336 illud
775 2253 997 2350 tenendum,
1040 2277 1174 2332 omnes
1190 2275 1349 2342 ommen-

159 2381 289 2466 breves
317 2380 417 2460 inter
442 2379 481 2460 se
500 2377 571 2460 esse
593 2379 780 2486 aequaless
808 2377 902 2457 item
931 2404 1063 2457 omnes
1089 2376 1175 2457 lon·
1190 2443 1237 2502 ln·
1257 2445 1321 2503 sm

159 2531 246 2614 gas:
275 2505 455 2586 universa
474 2503 619 2614 quippe
637 2503 810 2586 constant
827 2501 1073 2611 temporibus,
1088 2500 1174 2582 lon·
1189 2487 1273 2588 mia
1286 2527 1342 2608 torf

158 2657 215 2740 gae
232 2630 391 2730 duobus,
418 2631 549 2714 breves
566 2655 656 2713 uno.
711 2628 820 2710 Hinc
838 2626 883 2707 fit
900 2653 944 2709 ut
965 2629 1006 2708 in
1024 2631 1171 2738 Dasty·
1183 2629 1229 2688 μ’

156 2755 199 2842 lo
215 2780 392 2868 quatuor,
421 2755 462 2836 in
479 2752 680 2862 Pyrrichio
703 2753 782 2836 duo
807 2776 978 2861 tempora
1001 2753 1071 2834 esse
1097 2755 1173 2836 sta·

157 2909 310 2970 uramus
320 2919 332 2978 ς
360 2909 431 2964 nec
453 2881 629 2964 dictionis
645 2903 713 2962 aut
734 2879 883 2990 syllabae
901 2880 1066 2962 Po‘e'ticae
1081 2879 1169 2962 lite-

158 3038 216 3093 ras
242 3005 426 3093 curiosrbs
453 3009 731 3116 investigantes,
765 3035 835 3087 nec
860 3033 910 3086 ex
936 3035 1070 3088 earum
1092 3035 1168 3087 nu-

156 3165 277 3235 mero,
315 3137 378 3222 sed
402 3161 451 3216 ex
476 3133 626 3222 numeri
653 3132 850 3248 potestate,
889 3154 1060 3245 tempora
1083 3157 1168 3214 me·

155 3267 299 3354 tientes.

1097 3387 1169 3473 IV.

197 3557 210 3598 5
231 3555 277 3613 lta
290 3549 365 3632 lego.
380 3553 410 3612 ln
423 3565 484 3622 MS.
498 3544 574 3616 asari
585 3571 642 3620 rec.
679 3557 710 3616 B.
731 3548 834 3620 neos,
846 3549 914 3609 dicit
928 3547 1006 3608 enim
1017 3549 1166 3630 Longinus

154 3637 216 3710 sine
234 3629 272 3700 ris
289 3659 342 3712 μη.
359 3645 390 3697 Β.
680 3639 711 3696 in
724 3637 798 3696 libro
812 3635 866 3694 del
877 3627 951 3709 ssa
964 3651 989 3694 c.
1000 3652 1045 3708 39.
1057 3656 1166 3710 serge-

191 3717 458 3806 ‘saramania
472 3727 641 3812 inerms.
680 3743 713 3787 rt
729 3713 968 3805 uransrpspsu's
990 3715 1111 3806 χόνοις.
1132 3727 1163 3780 Ρ.
