2792 4550
232 74 330 171 DE
383 70 911 167 SUBLIMITATE
962 73 1037 167 dcc.

123 254 205 342 que
223 226 362 311 flexilis
381 228 431 307 ad
454 222 744 333 digrediendum
766 248 860 306 cunt
885 224 998 305 molli
1006 210 1148 337 facili·-

125 386 196 471 que
214 354 361 466 spiritu,
390 350 591 464 quomodo
609 348 793 460 (exempli
810 349 948 459 gratid)
966 350 1045 451 illa,
1062 380 1150 462 quae

4 531 10 542 ·
129 480 281 595 po'e'tici
301 474 434 591 potitis
451 477 539 558 sunt
554 476 601 557 de
613 476 764 595 Latoni
783 478 898 578 dieta,
911 478 1149 561 orationem-

127 634 206 716 que
223 606 458 701 Funebrem,
486 626 532 683 ut
547 602 674 685 nescio
690 628 742 683 an
764 604 893 713 quivis
916 604 1026 704 alius,
1054 633 1152 689 curn

126 731 384 815 ostentatione
410 725 638 835 composuit
690 724 970 815 Demosthenes
992 728 1083 813 verd
1107 730 1152 811 in

6 888 9 891 ·
126 853 351 962 effingendis
369 850 541 931 moribus
566 847 745 933 hominum
768 849 906 935 infelix
922 846 981 961 est,
1010 880 1152 963 patum

131 980 265 1062 fusum
287 976 438 1061 dicendi
463 1001 583 1085 genus
599 974 728 1077 habet,
755 977 920 1062 minime
943 980 1080 1064 flexilia
1094 982 1152 1065 eii

130 1104 193 1186 vei
210 1104 500 1185 ostentationem
525 1129 603 1214 prae
630 1103 667 1183 se
684 1102 818 1202 ferens,
846 1108 1026 1189 omniunt
1042 1110 1154 1191 denis·

128 1258 209 1342 que
223 1230 334 1313 antei
349 1229 543 1311 dididrum
559 1227 790 1340 plerumque
802 1230 857 1313 est
872 1258 1014 1341 expers.
1068 1234 1152 1315 Ubi

132 1354 295 1467 quidem
311 1355 350 1437 vi
365 1365 525 1440 conatur
542 1350 619 1437 risu
633 1358 677 1439 dt
692 1355 905 1438 urbanitate
917 1357 1051 1467 plenus
1066 1343 1151 1459 effe,

134 1507 215 1562 non
233 1474 365 1590 potitis
377 1479 497 1561 risum
512 1504 654 1578 movet,
664 1478 784 1589 quim
795 1480 988 1565 deridetur
1000 1519 1013 1579 t
1026 1510 1154 1593 quum

133 1605 228 1689 verd
244 1604 338 1688 velit
351 1607 402 1688 ad
429 1605 675 1689 festivitatem
700 1604 820 1717 propi
843 1608 1030 1706 accedere,
1061 1632 1155 1692 tunc

130 1734 183 1815 ab
205 1732 250 1814 ei
274 1730 431 1843 iungitis
452 1732 587 1815 abest:
625 1733 654 1815 fi
682 1732 964 1815 oratiunculam
990 1731 1055 1815 ille
1081 1734 1155 1845 (sc.

137 1856 408 1969 Demosthenes)
425 1860 472 1941 de
486 1858 642 1971 Phryne
654 1856 715 1939 vel
732 1860 780 1939 de
796 1856 1046 1969 Athenogene
1063 1861 1155 1944 scri·

133 1985 301 2066 bendam
332 1984 557 2094 suscepisset,
601 1983 730 2067 multd
759 1986 882 2095 magis
911 1988 1156 2096 Hyperidem

136 2111 325 2218 insignem
343 2109 465 2190 videri
491 2110 643 2193 feciss'et
698 2112 771 2193 Sed
793 2112 981 2221 quoniam
1001 2114 1156 2197 alterius

125 2241 186 2346 sc.
206 2235 408 2347 Hyperidis
424 2238 594 2339 virtutes,
621 2241 688 2324 etii
708 2238 853 2342 multa,
882 2265 1010 2324 tamen
1027 2241 1156 2325 Subli-

1022 2394 1157 2454 mnate

134 2532 180 2592 tio
201 2549 243 2611 pr.
257 2517 311 2587 nid
332 2518 410 2607 quod
429 2540 485 2612 pto
500 2523 627 2616 tyvyirr
670 2533 768 2593 naturi
785 2553 846 2594 non
861 2529 951 2594 fanus
967 2529 1044 2595 effer.
1069 2529 1159 2616 Phry·

137 2613 225 2677 habet
245 2611 294 2673 ilie
317 2615 442 2689 θρνγδσ,
473 2613 534 2676 hae
556 2615 627 2678 verb
670 2637 708 2677 ne
723 2617 771 2678 iiia
783 2619 836 2678 fuir
848 2618 978 2678 meretrix
988 2615 1157 2696 Thespiaca,

135 2695 298 2784 Φρυγίας
318 2698 364 2762 Cl.
377 2697 515 2762 tehurzfl.
528 2717 627 2761 tanren
669 2703 746 2760 tanti
761 2701 974 2782 pulchritudine,
994 2718 1025 2761 nt
1045 2701 1081 2762 ad
1097 2704 1160 2776 eiua

133 2785 280 2848 sententie
310 2782 426 2854 acredo,
454 2780 503 2862 qui
533 2782 629 2846 censet
670 2782 882 2846 ssmilirndinem
899 2781 1046 2846 fimuiarra
1060 2788 1159 2846 Vene-

135 2869 292 2953 legendum
311 2865 438 2944 neuim
465 2865 565 2931 Sensus
586 2869 629 2932 vi·
670 2871 708 2928 ris
722 2887 773 2951 per
786 2867 945 2930 universam
952 2871 1090 2929 Gratiani
1103 2868 1159 2930 fin·

134 2955 217 3015 detur
239 2951 286 3013 hit
310 2949 390 3013 effer
411 2953 441 3012 si
456 2950 629 3012 Demosthe-
669 2967 820 3036 gereutnre
837 2951 954 3012 tandem
968 2953 1093 3013 accusata
1105 2954 1160 3011 int-

134 3055 190 3098 net
212 3049 331 3097 conante
349 3033 417 3096 effet
431 3033 550 3095 scrihere
564 3055 630 3094 ora·
671 3037 794 3119 pietatit,
802 3035 921 3096 defensa
937 3037 968 3093 in
987 3036 1090 3110 juditio
1104 3032 1159 3094 fuit

134 3123 250 3181 tionem
269 3117 305 3180 de
323 3118 447 3202 Phryne,
467 3133 515 3178 aut
533 3117 571 3179 de
589 3120 629 3176 A·
671 3118 875 3202 abiiyperide,
886 3119 1018 3178 irratione
1030 3135 1093 3178 non
1106 3117 1161 3176 rni-

135 3204 305 3284 thenegene
337 3203 396 3283 (de
426 3201 528 3284 quihus
559 3200 628 3261 duat
671 3221 725 3263 ntu
741 3203 863 3284 eleganti
881 3199 1053 3284 pulchrique
1070 3197 1159 3282 quint

136 3281 410 3368 feriyiitliyyerider
423 3285 570 3348 ontioner
582 3305 628 3346 ee·
670 3285 720 3346 iiia
739 3281 798 3368 ipsa
822 3281 899 3355 effer,
919 3302 1005 3366 quarn
1027 3281 1160 3344 deiende·

135 3369 307 3448 teterrimas
321 3367 469 3450 pietasque
482 3369 629 3430 earnmdi·
671 3384 732 3430 rate
752 3371 883 3430 oratoris
904 3369 987 3451 igitur
1006 3385 1064 3450 ope
1078 3363 1160 3426 abso·

138 3452 224 3514 cendi
246 3452 392 3521 virtutum,
420 3453 521 3532 quibua
542 3454 630 3512 tantit
671 3451 730 3513 iura
743 3449 792 3516 est.
828 3449 918 3514 Perrh
933 3450 1021 3511 altera
1034 3447 1161 3528 ejusdem

137 3533 387 3634 Demosthenen),
420 3533 536 3597 inferior
561 3532 629 3596 effet
673 3536 778 3606 orario,
797 3535 834 3594 de
853 3533 1054 3616 Athenogene,
1072 3553 1162 3617 quan·

138 3617 631 3780 u'znniffi‘tm
673 3615 1078 3772 {nutritii
1100 3637 1164 3765 :22

141 3789 280 3849 emineret
299 3782 474 3868 Hyperides,
492 3787 631 3868 quinique
676 3782 1000 3856 neiiurdteriatdatur.
1077 3829 1079 3836 ν

137 3867 200 3956 ipse
222 3869 260 3936 ad
279 3869 349 3944 iilud
377 3867 518 3934 oratianit
541 3887 633 3956 genet
654 3937 657 3943 ⁴
1085 3867 1119 3934 1..
1135 3871 1164 3936 τὲ

1244 74 1323 183 189
