2792 4550
263 139 356 226 na
404 105 941 258 sonmnrrnrnj
980 143 1057 238 oc:

138 288 314 396 dignum
330 285 471 368 virmte
485 281 578 396 stad,
605 283 723 367 etiam
740 285 768 366 li
785 287 938 398 Jupiter
954 291 991 372 se
1016 291 1074 376 illi
1090 323 1163 406 op-

138 435 278 523 ponat.
320 411 394 494 Sed
416 411 524 492 enim
538 410 734 492 Homerus
750 409 829 512 hic,
843 415 946 498 velut
958 443 1094 504 ventus
1106 423 1163 504 sc·

139 541 310 639 cundus,
327 537 406 620 uni
422 535 586 646 adspirat
602 536 885 640 certaminibus,
908 542 949 625 &
962 570 1041 624 non
1057 546 1165 628 aliud

139 666 232 776 ipse
257 663 378 775 pallus
404 662 456 744 est
479 659 587 775 quim
609 661 741 765 heroas,
770 663 830 746 vel
854 667 925 775 (nt
945 667 1019 776 q‘us
1042 671 1165 754 verbis

136 809 242 874 utar

205 792 331 1031 sirit,
359 945 401 1014 ut
421 959 501 1014 cum
518 929 629 1012 Mars
644 927 781 1042 hastam
793 929 957 1036 vibram,
984 954 1052 1021 aut
1068 936 1163 1048 t‘gnis

301 1049 520 1169 perni'ciofirs

201 1187 252 1266 In
267 1183 443 1268 montibus
452 1180 574 1294 fiola,
597 1179 792 1291 profunda
808 1181 848 1264 in
863 1183 974 1294 denſss
988 1191 1165 1300 receffibus

312 1309 339 1389 S
362 1307 454 1389 loa:

200 1335 478 1541 Spumayautem
494 1425 541 1537 est
556 1427 694 1510 circum
710 1457 747 1510 os
763 1430 846 1540 cy‘us

139 1591 325 1676 Ostendit
348 1615 476 1674 tamen
505 1589 545 1672 in
570 1587 731 1698 Odyssea
763 1589 933 1698 (etenim
959 1587 1055 1695 haec,
1082 1621 1164 1708 quae

124 1723 350 1830 stquuntur‚
380 1717 552 1830 pluribus
580 1715 626 1796 de
655 1717 773 1798 caulis
800 1715 888 1799 sunt
904 1717 1161 1831 observanda),

139 1845 277 1956 magni
294 1847 452 1956 ingenii,
480 1871 572 1927 cum
584 1843 665 1952 jam
678 1841 855 1944 declinet,
874 1849 1077 1956 proprium
1090 1849 1162 1930 effe

141 1972 187 2052 in
211 1972 399 2054 sene&ute
424 1997 598 2053 amorem
625 1967 854 2053 fabularum.
908 1970 1029 2055 Illum
1054 1975 1162 2057 enim

139 2097 393 2204 composuisse
421 2097 495 2180 hoc
522 2119 795 2204 argumentum
819 2096 987 2180 secundo
1010 2101 1051 2179 in
1073 2100 1163 2183 loco

139 2221 290 2304 constat
306 2249 353 2301 ex
371 2219 506 2304 multis
523 2219 607 2303 aliis
624 2217 739 2317 rebus,
768 2220 831 2303 sed
847 2223 887 2303 δι
904 2249 952 2303 ex
980 2250 1028 2303 eo
1055 2223 1162 2332 quod

139 2344 324 2456 reliquias
351 2346 559 2426 Iliacorum
585 2342 763 2423 laborum
789 2343 831 2423 in
860 2344 1032 2451 Odyssea,
1076 2371 1162 2428 tan-

139 2500 264 2583 quam
281 2470 443 2581 Trojani
460 2470 551 2553 belli
578 2490 703 2579 partes
728 2468 965 2567 adventitias,
994 2470 1163 2555 adduxe-

139 2600 216 2694 rit3
244 2600 285 2681 or
304 2595 533 2705 mehercule,
541 2624 597 2679 ex
612 2622 664 2691 ,eo
687 2594 793 2707 quod
816 2592 1104 2679 lamentationes
1120 2602 1162 2683 os

139 2722 300 2825 dolores,
329 2750 375 2807 ut
392 2752 491 2835 quos
510 2722 608 2805 olim
635 2720 747 2805 antea
773 2720 991 2831 cognossent
1012 2720 1160 2825 heroes,

142 2846 225 2931 illic
252 2852 504 2932 enarraverit:
535 2846 698 2959 Odyllea
726 2846 832 2929 enim
855 2846 954 2931 nihil
975 2847 1082 2932 aliud
1105 2851 1161 2933 est

141 2972 262 3087 quim
274 2976 448 3087 epilogus
464 2974 622 3059 Iliadis:

195 3138 283 3223 Illic
308 3138 450 3252 quidem
474 3138 580 3252 :ls'ax
598 3138 705 3252 jacet
734 3135 903 3239 martius,
941 3136 1020 3224 illic
1047 3138 1161 3225 etiam

303 3270 477 3371 Achilles,
745 3373 749 3379 .
842 3346 846 3351 .

193 3392 285 3477 Illic
299 3396 385 3479 veri
399 3396 605 3500 Patroclus,
634 3396 707 3483 diis
720 3394 858 3509 ſsmilis
872 3388 1147 3503 corfilr'ariuse

194 3518 285 3607 Illic
299 3521 409 3604 etiam
426 3554 522 3609 meur
543 3552 652 3613 carus
666 3523 786 3636 filius,
1094 3518 1161 3605 Ex

138 3680 219 3761 aqut
240 3700 275 3745 ac
298 3678 383 3745 inari
408 3688 539 3749 votalem
568 3688 632 3749 ulti·
709 3685 746 3746 L.
765 3700 813 3756 ¹9.
825 3672 919 3743 ’Ἔνθα
930 3674 987 3757 poa)
1001 3680 1071 3762 &nl
1087 3679 1162 3743 Ver·

138 3766 484 3921 metzitpoffeaqpentem
498 3772 631 3855 {ntalem
669 3768 709 3831 ba
730 3766 795 3829 sunt
815 3765 945 3833 nestoris
961 3766 994 3831 in
1008 3758 1107 3852 odyn
1122 3793 1162 3855 Y*

1259 159 1358 271 rr
