2792 4550
260 238 992 344 rnncmuurn

121 376 330 460 nascantur.
386 378 498 483 Qid
522 382 627 463 enim
649 382 807 492 spiritis
828 385 1075 478 illaaenuitas
1092 392 1142 480 ad

121 498 295 595 vifiones¹
313 502 354 581 dr
382 502 688 585 ratiocinationes
719 506 894 591 conferre
919 513 1065 621 poffit?
1098 518 1142 599 δι

120 624 222 708 unde
238 647 458 725 atomorum
478 624 599 733 figura
625 652 774 713 tantam
793 660 872 741 prae
895 641 1039 719 caeteris
1058 641 1142 722 vim

119 769 236 856 atque
251 750 428 831 mutandi
449 753 675 859 potestatem
693 754 841 855 habeat,
870 784 927 860 ut,
956 790 1082 872 quum
1098 765 1141 847 in

118 872 275 967 alterius
309 871 659 960 conformationem
685 884 855 990 corporis
881 884 981 969 inter
1008 890 1045 971 se
1071 919 1139 973 va-

119 997 279 1097 riantur,
309 1000 554 1108 prudentiam
572 1004 827 1113 progignant?
856 1010 1052 1119 Equidem
1068 1046 1139 1098 ex·

120 1121 262 1225 istim0‚
291 1125 396 1233 quod
413 1125 499 1235 (vel
515 1128 630 1237 siquis
648 1130 814 1213 Vulcani
832 1134 1000 1244 tripodas
1015 1144 1055 1221 δι
1068 1170 1139 1225 an-

119 1249 227 1339 cillas
252 1253 446 1363 poffideat,
475 1255 685 1366 dequibus
711 1257 908 1353 Homerus
932 1262 1137 1374 fabulatur,

119 1375 205 1458 illos
239 1379 369 1489 suapte
399 1380 448 1459 ad
476 1382 654 1471 Deorum
688 1384 898 1472 ministeria
931 1419 1138 1493 accurrere,

119 1499 231 1583 hasce
255 1502 346 1584 verd
374 1503 451 1587 uni
471 1531 564 1621 cum
588 1508 749 1589 domino
765 1514 839 1620 stro
861 1511 1044 1617 laborare,
1071 1550 1140 1605 ne-

120 1656 197 1739 que
209 1628 312 1726 ullis,
341 1658 436 1739 quas
454 1629 532 1710 vivi
548 1628 701 1731 habent,
720 1632 966 1725 facultatibus
984 1650 1140 1758 carere),

120 1751 227 1834 nulla
249 1752 335 1837 sani:
353 1782 402 1835 ex
421 1754 497 1835 illis
514 1756 648 1864 sponte
668 1758 966 1846 semoventibus
989 1770 1142 1855 machi-

118 1878 178 1961 nis
197 1876 436 1987 prudentiam
453 1879 695 1988 progigneret,
723 1884 764 1963 &
781 1885 887 1995 qudd
901 1890 1036 1975 similis
1052 1896 1141 1981 eilet

119 2002 209 2101 illis,
237 2006 305 2116 qui
334 2003 490 2084 suntin
512 2003 699 2103 litoribus,
729 2006 882 2117 lapillis,
909 2019 1040 2123 quoad
1065 2048 1140 2130 po-

117 2130 279 2213 tentiam
302 2130 380 2237 ejus
397 2128 568 2236 praeclari
584 2130 742 2241 alicujus
766 2137 816 2216 ad
837 2139 987 2224 sensum
999 2146 1140 2254 produ·

116 2254 266 2342 cendum
289 2254 488 2336 efficiendi.
544 2256 685 2367 Neque
707 2262 814 2341 enim
838 2263 1037 2349 immerito
1059 2275 1139 2355 Ze-

118 2381 213 2466 noni
237 2382 330 2490 quis·
347 2401 460 2488 atque
479 2378 658 2464 Cleanthi
680 2383 904 2491 succenseat,
931 2390 1038 2501 qudd
1054 2420 1138 2500 tam

116 2503 393 2592 contumeliose
413 2528 574 2613 uterque
602 2506 649 2587 de
667 2507 795 2616 animai
813 2512 987 2611 senserit;
1015 2519 1138 2603 nihil·

118 2663 195 2745 que
221 2633 330 2715 illam
353 2629 458 2713 aliud
478 2633 547 2714 nifi
572 2634 672 2741 spiffi
697 2640 865 2746 corporis
888 2642 959 2725 effe
980 2645 1135 2734 exhala.

118 2762 266 2848 tionem
294 2757 475 2839 statuerit.
530 2760 639 2870 Qid
667 2763 773 2844 enim
794 2766 878 2876 (Di
902 2769 1044 2881 bonil)
1068 2804 1137 2858 ex-

116 2883 303 2969 halationi
320 2887 483 2966 omnino
495 2913 588 2968 cum
604 2887 734 2968 animi
750 2917 958 2978 commune
970 2897 1047 2981 est?
1065 2929 1135 2987 aut

117 3015 191 3126 qul
218 3011 299 3094 fieri
324 3012 457 3132 potest,
487 3038 532 3093 ut
555 3041 648 3096 cum
664 3013 758 3098 huic
774 3019 829 3100 rei
845 3021 886 3100 dt
909 3025 1078 3106 nostram
1092 3031 1136 3115 or

118 3165 341 3226 caeterorum
369 3137 549 3220 omnium
575 3139 835 3224 animantium
864 3146 1059 3230 effentiam
1088 3153 1137 3257 sr-.

118 3259 341 3350 milem‘elle
357 3263 519 3362 censent,
549 3259 609 3344 vel
627 3261 785 3346 vifiones
803 3271 1136 3361 &recordationes

1041 3427 1137 3481 con-
1237 3482 1255 3492 ,-

160 3511 173 3558 ³
195 3517 275 3593 Lege
303 3509 395 3593 potius
419 3503 605 3588 πηγμάτων,
648 3509 716 3570 Into
737 3515 843 3575 Seneca
865 3515 989 3599 loquitur
1010 3517 1047 3581 de
1068 3542 1137 3608 pag.

119 3596 312 3664 machinarum,
333 3613 392 3672 quae
409 3595 440 3652 in
456 3592 526 3652 ludis
541 3612 606 3673 pro·
647 3593 770 3654 maribus
793 3596 821 3657 se
849 3601 1048 3680 moventibusg
1069 3607 1137 3668 dicit
1185 3610 1188 3614 ’

118 3681 182 3741 duci
204 3677 331 3738 solebant
353 3679 382 3736 in
406 3675 518 3735 scenam
542 3695 606 3736 cum
648 3678 770 3738 enimin
786 3686 838 3763 Ep.
854 3691 901 3747 88.
922 3689 1135 3752 Hirammem

120 3765 212 3844 pueris
228 3765 313 3822 eriam
329 3755 551 3828 considentibus,
573 3778 606 3818 ex
647 3761 702 3822 licor
727 3765 920 3839 machinatores,
947 3773 993 3852 qui
1016 3789 1136 3854 mm
1172 3798 1175 3804 ·
1251 3791 1254 3794 ⁴

120 3847 200 3927 ligno
222 3843 375 3924 tabulisque
397 3845 478 3904 vario
495 3841 606 3922 pillurae
643 3859 687 3926 prr
699 3845 870 3940 se'surgm
883 3856 1034 3936 mm·
1055 3859 1087 3918 p·
1117 3873 1123 3880 -

119 3947 225 4014 genere
254 3927 392 3992 illustratis
425 3925 608 4009 compasta:
926 3964 929 3969 »
1012 3963 1015 3967 ›

961 4032 998 4048 ·’
1044 4007 1140 4084 'Ro-
