2792 4550
230 183 325 282 ba
375 176 903 275 suatrrtrrara
950 191 1024 278 ac
1222 201 1309 308 115

123 335 369 448 “sepeliit
334 335 480 433 civitas,
508 327 701 429 AEschirre,
728 357 808 411 non
833 357 899 412 eoa
927 333 1036 434 soloe,
1064 335 1135 444 qui

3 445 18 516 Ι
123 463 338 547 “feliciter
356 485 439 544 rem
462 455 666 568 gefferintfl

179 709 276 798 Non
304 735 435 796 autem
462 713 570 794 decet
599 689 1307 811 hocmtoeo‚clnrirr1me,urrtumat‹r

119 840 405 952 praetermittere
421 865 547 919 unum
563 837 761 946 quoddam
777 863 825 915 ex
843 837 889 915 iis
890 861 1005 944 ,quae
1022 869 1045 918 a
1061 867 1133 919 no-
1120 773 1298 982 ,ww

119 968 179 1048 bra
190 966 382 1046 observata
400 965 485 1045 sunt
487 964 603 1072 ,(erit
617 989 707 1042 vero
686 961 1021 1068 breviffimum):
1034 991 1135 1046 nem-
1147 971 1279 1112 arvaq-

114 1107 175 1198 pc,
193 1089 297 1200 qubd
314 1091 464 1200 Figura
481 1089 616 1168 nature
638 1087 928 1196 quodammodo
942 1073 1223 1216 auxiliumfm,
1274 1118 1279 1127 ’

121 1215 249 1298 serunt
266 1215 516 1313 sublimitati,
545 1215 745 1322 rursusque
760 1213 924 1294 mirificd
940 1217 1136 1324 accipiunt

45 1355 46 1360 ’
121 1341 170 1422 ab
189 1339 267 1422 illa
293 1343 365 1422 Sed
385 1341 454 1422 ubi
472 1343 511 1420 ὅῑ
525 1367 595 1448 qur
580 1337 673 1420 hoe
687 1340 757 1446 fit,
784 1365 989 1448 exponam.
1030 1346 1135 1426 Om-

88 1461 91 1467 ’
121 1467 186 1548 nia
203 1495 272 1576 per
283 1467 329 1550 F
320 1488 443 1574 iguras
461 1465 671 1564 uastare,
662 1465 853 1574 rmprimie
869 1467 923 1548 est
942 1493 999 1549 ree
1012 1471 1135 1580 suspi-

121 1595 378 1702 ciosa,&quae
386 1592 542 1674 adducit
553 1592 780 1700 opinionem
797 1585 1032 1695 insidiarum,
1041 1597 1134 1698 doli,
1247 1659 1251 1666 .

122 1715 284 1798 fraudis:
305 1719 420 1826 idque
433 1745 526 1798 cum
541 1713 832 1798 oratiohabetur
842 1745 973 1800 coram
983 1722 1134 1828 Judice,

120 1871 169 1923 ex
186 1844 292 1954 cujus
308 1844 466 1924 arbitrio
488 1842 599 1924 causa
617 1843 768 1950 pendet,
796 1843 1023 1952 (presertim
1043 1851 1137 1932 verb

120 1995 253 2050 eoram
271 1970 475 2078 Tyrannie,
505 1968 687 2075 Regibus,
716 1969 1012 2076 imperatoribus
1028 1974 1136 2056 sum·

122 2095 187 2176 md
209 2094 390 2201 potestate
409 2093 628 2198 utentibus)
639 2131 651 2186 ;
689 2092 906 2200 indignatur
927 2098 1034 2178 mim
1060 2101 1136 2182 sta.

123 2220 211 2316 tim,
240 2219 281 2317 fi,
306 2217 412 2300 velut
433 2245 527 2328 puer
547 2217 736 2328 insipient,
751 2221 812 2299 ab
828 2217 972 2302 artifioe
987 2223 1137 2307 Rheto-

38 2413 43 2421 .
124 2374 165 2425 re
185 2344 338 2452 Figuris
365 2345 600 2455 decipiatur:
636 2348 851 2455 putansque
877 2349 1139 2435 ratiocinatio-¹

124 2500 216 2552 nem
236 2468 368 2553 falsam
386 2469 455 2551 effe
475 2478 741 2581 contemptum
758 2472 828 2571 sui,
856 2499 1139 2584 nonmmquam

124 2599 287 2679 omnino
303 2594 439 2678 efferus
455 2597 521 2695 est,
551 2598 602 2695 bt,
622 2596 648 2676 fi
666 2599 859 2680 contineat
872 2600 982 2699 iram,
999 2620 1133 2708 tamen,

6 2766 8 2773 ·
107 2724 348 2837 ¹quominus
362 2722 484 2803 verbis
508 2724 787 2833 persuadeatur,
815 2750 942 2809 totum
961 2728 1136 2843 seoppo-

123 2852 202 2932 nita
230 2850 405 2959 quare&
423 2870 516 2929 tunc
531 2849 673 2957 Figura
685 2852 834 2958 optima
852 2853 1013 2953 videtur,
1044 2876 1138 2941 cum

123 3006 211 3059 eam
227 2976 348 3083 ipsam
372 3002 451 3055 non
474 2998 654 3082 appareat
670 2974 857 3085 Figuram
877 2977 957 3059 esse.
1010 2982 1138 3063 Subli-

125 3104 240 3184 mitas
273 3105 391 3209 igitur
425 3103 466 3182 bt
497 3100 669 3183 Affectus
705 3126 836 3183 contra
873 3106 1137 3213 suspicionem,

126 3240 212 3339 quae¹
229 3240 275 3308 err
288 3228 518 3336 Figuratum
535 3226 605 3307 usu
623 3226 761 3325 veniat,
790 3230 1003 3313 remedium
1016 3234 1055 3313 dt
1069 3232 1139 3313 ad·

127 3352 305 3517 mirabile
325 3356 523 3463 quoddam
554 3350 744 3437 auxilium
763 3354 844 3436 est·
872 3358 913 3436 dt
931 3354 1140 3439 artificium

1045 3478 1144 3565 illud

167 3708 202 3767 1.
229 3724 274 3778 η.
304 3696 507 3778 'ternaria
533 3704 552 3781 3
581 3699 616 3769 ἢ
655 3700 975 3765 ustitiartmtmar
946 3708 1058 3773 aaa&
1070 3704 1142 3765 aliar

127 3786 236 3867 θνμῖ]
264 3792 322 3854 lta,
340 3785 438 3853 deleto
454 3788 504 3847 nto
518 3794 616 3849 Marru-
655 3786 745 3847 tottii
760 3790 862 3849 Metus.

127 3874 208 3935 riano
220 3877 265 3944 τὰ
278 3887 345 3934 aure
360 3874 409 3946 ἡ,
420 3871 515 3934 Editio
529 3892 569 3955 pr.
586 3879 618 3933 er
751 3932 770 3941 ,,
818 3906 822 3915 ·

637 3982 641 3989 '
689 3976 744 4033 12
1070 3965 1144 4037 br.
