2792 4550
237 192 329 275 DE
381 191 905 276 SUBLIMITATE
951 195 1026 278 &e

122 331 302 420 dibilibus
322 331 637 442 divagationibus.
689 337 796 419 Cum
818 363 911 417 vero
925 332 1011 418 haec
1032 335 1138 436 dico,

124 487 204 542 non
222 461 364 544 oblitus
385 461 472 542 sum
490 485 633 556 carum,
661 489 742 569 quae
757 459 799 546 in
817 459 980 572 Odyiiei
1005 459 1140 573 descri-

123 581 272 684 buntur,
301 581 580 692 tempestatum,
609 583 649 664 do
665 609 802 668 eorum
825 610 911 692 quae
927 583 978 667 ad
993 583 1140 694 Cyclo·

125 731 216 816 pern
232 706 408 804 attinent,
437 705 476 786 dc
494 701 660 794 aliorum
678 707 923 813 quorundam
938 733 950 791 z
976 705 1042 790 sed
1061 705 1141 791 hac

125 830 281 941 appello
304 833 545 928 sementem,
574 829 803 915 senestutem
819 855 947 914 tamen
963 833 1142 916 Homeri.

125 958 215 1046 Imb
235 958 274 1036 in
299 959 477 1046 omnibus
498 953 557 1037 his
582 960 621 1038 bc
640 956 791 1066 fingulis
815 958 901 1070 plus
917 958 972 1039 est
987 955 1140 1058 fabulae,
1180 955 1186 966 '

126 1081 246 1192 quim
262 1083 430 1170 adilonis.
486 1082 681 1192 Digressus
698 1084 784 1165 sum
799 1081 890 1164 verb
904 1082 954 1164 ad
972 1078 1067 1182 haec,
1093 1107 1141 1165 ut

125 1207 221 1316 dixi,
258 1209 477 1296 ostendendi
511 1207 622 1291 causi
651 1206 771 1314 quim
798 1204 984 1286 facillimi
1012 1207 1142 1288 Subli-

126 1335 206 1425 mia
232 1335 397 1441 ingenia,
425 1359 519 1412 cum
545 1333 653 1438 vigor
679 1358 798 1412 eorum
815 1330 852 1411 se
869 1330 1066 1430 remiserit,
1092 1333 1144 1414 ad

127 1483 246 1564 nugas
256 1480 537 1564 nonnunquam
547 1455 818 1552 deflectuntum
833 1453 1046 1562 cujusmodi
1056 1454 1144 1538 sunt

125 1608 183 1678 ea,
212 1582 503 1692 quaefinguntur
519 1584 567 1663 de
581 1606 664 1662 utre
676 1619 689 1676 ;
717 1583 757 1662 &
770 1582 816 1664 de
827 1583 886 1680 iis,
914 1580 984 1690 qui
1003 1607 1145 1691 porco-

126 1735 218 1796 rum
236 1735 343 1798 more
360 1708 382 1790 i
399 1711 512 1790 Circe
529 1709 625 1820 pasti
643 1732 761 1808 erant,
791 1710 903 1819 (quos
919 1708 1144 1819 Zoi’lusssvo-

127 1835 229 1922 cavit
239 1833 427 1944 porcellos
445 1833 611 1942 flentes);
632 1837 731 1918 &de
747 1837 856 1942 Jove,
876 1833 1144 1946 pulliinstam

126 1958 317 2046 columbis
344 1963 519 2058 nutrit03
548 1965 587 2043 ic
615 1962 662 2044 de
688 1961 772 2062 illo,
799 1964 929 2073 quiin
944 1961 1146 2070 naufragio

125 2085 294 2178 inediam
324 2085 458 2166 decem
484 2085 638 2174 dierum
664 2085 869 2180 sustinuit;
905 2089 946 2170 bc
972 2115 1029 2187 er,
1055 2111 1143 2196 quae

125 2213 173 2295 de
190 2237 398 2321 procorum
415 2213 515 2293 caede
525 2212 738 2322 finguntur,
757 2211 1021 2293 incredibilia:
1048 2210 1145 2319 quid

124 2340 236 2425 enim
261 2336 367 2420 aliud
395 2337 577 2445 poflimus
605 2337 685 2419 haec
712 2338 846 2437 dicere,
874 2337 994 2449 quim
1016 2336 1146 2419 reveri

127 2468 237 2589 Jovis
268 2464 449 2547 somnia?
493 2458 708 2549 Secundam
741 2488 872 2546 autem
906 2465 958 2546 ob
991 2463 1145 2547 causam

868 2646 872 2651 ·
991 2618 1147 2675 memo·

168 2720 242 2784 lbid.
264 2716 383 2785 Zoili&
399 2716 413 2792 ]
430 2715 555 2779 Maximi
574 2718 616 2777 in·
656 2736 760 2777 rocem
777 2714 888 2776 Tollius
899 2714 1003 2777 addidit
1016 2736 1052 2777 ex
1064 2716 1145 2799 inge·

130 2802 206 2867 lame
237 2822 345 2863 nomen
367 2802 497 2861 lluiloris
530 2802 617 2876 cojus-
657 2804 707 2860 oio
721 2799 871 2864 ’Olvoeim
886 2803 946 2882 (qui
957 2800 1145 2882 proculdubio

131 2890 198 2949 dam
221 2888 237 2947 i
260 2884 384 2946 Thracii
412 2885 535 2955 oriundi,
570 2886 617 2966 qui
658 2886 705 2945 hic
724 2886 971 2969 subintelligendus
990 2885 1058 2965 cll),
1075 2904 1146 2943 con·
1175 2909 1179 2921 ·

131 2986 231 3031 contra
251 2970 372 3031 Homeri
392 2972 422 3027 δι
444 2969 564 3029 Iliadem
587 2974 616 3027 er
655 2966 1111 3035 triomniumlibronontamscri

132 3052 283 3135 Odylseam
301 3052 406 3113 librum
424 3050 519 3122 edidit,
541 3072 618 3112 eum·
656 3068 751 3115 torum
776 3052 864 3132 quim
892 3050 1088 3137 impressorum

131 3158 186 3218 que
207 3135 341 3219 inscripsit
366 3134 463 3216 ψὸγον
484 3131 618 3209 Ὀμῆρκε
655 3138 740 3198 dem:
762 3137 829 3206 hoc,
840 3139 956 3217 opinor,
964 3134 1083 3194 scribere
1091 3132 1144 3201 eii,

131 3220 209 3300 quod
230 3220 269 3279 sui
282 3222 419 3302 temporie
434 3220 568 3281 homines
582 3240 619 3279 κ·
657 3240 718 3281 non
733 3219 826 3283 edere.
858 3216 984 3280 Consule
997 3210 1093 3297 odyffi
1108 3242 1144 3297 μ.

132 3302 183 3386 gri
197 3302 317 3365 ferentes
330 3320 423 3370 morte
443 3325 509 3364 eum
522 3306 619 3386 punie·
660 3324 686 3366 v.
701 3326 771 3377 447.

132 3400 209 3454 runt,
237 3390 266 3442 dr
287 3384 363 3463 quasi
388 3390 532 3448 vistimam
554 3386 619 3447 laeso
699 3388 772 3452 lbid.
792 3380 900 3450 meli
913 3377 1144 3460 μνκηοφονὶαν]

134 3470 256 3530 Homeri
270 3470 362 3525 Genio
377 3472 556 3533 mastimnte
579 3472 620 3529 ni·
658 3468 756 3551 odyss.
771 3497 808 3555 χ.
820 3489 850 3530 ν.
866 3490 905 3543 79
918 3471 975 3526 &c
1116 3487 1118 3492 ·

134 3554 226 3615 mium
249 3548 297 3609 ille
328 3551 407 3610 ausus
426 3556 478 3627 ed,
497 3556 620 3615 nimium
698 3559 733 3615 L
763 3575 808 3625 ¹4·
840 3555 885 3613 Ti
909 3552 980 3614 Acie
1005 3544 1145 3625 ἐιόπηι]

134 3638 211 3697 (επεὶ
227 3634 268 3695 illi
285 3630 448 3698 effecerunt.
659 3636 760 3698 Sensus
774 3636 832 3696 estc
854 3633 907 3696 llla
930 3633 1045 3714 quidem
1065 3634 1147 3718 sopri

174 3724 209 3782 L.
232 3740 277 3779 ro.
302 3720 357 3779 Τὸν
379 3719 437 3777 (oi
456 3720 480 3782 ἢ
498 3717 620 3787 cim'·
660 3736 819 3781 memorato
833 3718 895 3778 sunt
908 3716 1030 3791 somnia,
1038 3718 1086 3780 sed
1095 3726 1148 3794 Jo-

133 3804 208 3878 hi]
228 3798 324 3883 Odyffi
340 3828 376 3884 μ.
391 3822 418 3865 v.
433 3814 482 3866 ⁶2.
660 3805 703 3866 vis
716 3800 837 3872 somnii,
858 3806 918 3867 ie·
932 3802 1147 3889 indiligenti·

174 3894 210 3953 L.
229 3909 273 3951 η.
292 3886 431 3963 Ἀσιτον]
460 3884 527 3949 1²0st
549 3886 622 3950 hanc
660 3886 888 3973 praestmtiimae

1221 205 1283 314 io·
