2792 4550
1233 9 1325 27 7*ss-
1337 12 1358 16 β

201 244 295 330 DE
345 241 877 328 SUBLIMITATE
923 229 1045 328 &o'
1195 255 1251 353 43

94 387 436 558 VEruntamen,
465 385 650 496 quoniam
677 383 852 494 primum
870 413 985 493 genus
998 383 1110 494 (dico
1123 413 1167 468 o·
1178 405 1239 486 sa·

214 539 349 598 autem
367 515 408 596 id
427 515 532 623 quod
554 541 603 597 ex
620 510 742 597 animi
758 515 1026 623 magnitudine
1042 487 1284 638 vasam

94 641 175 752 nit)
202 669 353 755 partem
384 642 530 724 obtinet
556 641 653 722 inter
680 662 832 720 catenat
856 638 1112 748 praestantiflL

92 793 214 865 mam,
245 787 395 874 oportet
419 763 537 854 etiam
558 764 640 864 hle,
668 764 684 872 (
691 765 738 846 fit
760 763 851 850 lioet
872 763 949 846 haec
963 791 1021 846 rea
1036 793 1111 875 po-

91 892 169 972 tius
186 894 291 982 dono
305 909 451 974 natura
469 891 690 1002 accipienda
706 889 826 1001 quam
840 889 961 972 labore
975 897 1111 1005 acqui.

90 1015 257 1128 reoda),
300 1039 441 1115 tamen,
483 1041 675 1126 quantum
711 1015 924 1125 poliumus,·
959 1017 1112 1104 animoa

91 1142 238 1233 nostros
253 1143 303 1225 ad
320 1141 509 1225 Sublimia
536 1140 697 1232 alere&
722 1166 908 1249 tanquam
933 1145 1110 1251 gravidos
1186 1253 1189 1260 Ι

92 1268 350 1377 amplitudine
395 1266 555 1376 quddam
598 1264 722 1354 nobili
767 1267 914 1374 semper
949 1269 1117 1356 efficere.-

93 1395 201 1502 Qo,
230 1395 333 1476 dicet
347 1390 493 1500 aliquis,
512 1391 660 1472 modo?
687 1391 826 1500 Scripsr
843 1393 884 1471 in
899 1390 978 1474 alio
991 1392 1111 1479 etlam

93 1515 194 1617 loco¹
241 1515 348 1626 quod
381 1513 600 1624 hujusmodi
635 1515 858 1601 Sublimitas
888 1517 943 1598 est
974 1510 1115 1600 Eccho

92 1643 370 1756 magnitudinis
386 1643 531 1724 animi:
560 1643 673 1724 Unde
698 1643 820 1728 etiam
835 1647 912 1727 fine
929 1674 1023 1728 voce
1038 1647 1113 1735 ad-¹

92 1769 290 1860 mirationi
313 1767 600 1880 aliquandoest
625 1771 751 1851 nudus
774 1796 843 1879 per
863 1772 900 1854 se
918 1773 1044 1855 sensus
1058 1773 1110 1854 ob

91 1917 180 1993 §arn
208 1896 339 2006 ipsam,
382 1924 489 2007 quam
515 1894 676 2004 (strutar,
722 1898 1113 2006 magnanimitatem

93 2023 201 2104 velut
217 2022 408 2104 filentium
424 2011 549 2132 Ajaois
567 2024 607 2104 in
621 2022 725 2123 libro,
742 2024 807 2135 qui
822 2026 1037 2134 iffcribitur
1048 2029 1115 2110 De
1284 2115 1287 2120 ,

94 2149 281 2230 Manibus
305 2175 493 2256 magnurn
517 2149 572 2230 est
593 2151 634 2230 &
658 2151 766 2230 omni
791 2153 962 2234 sermone
985 2153 1115 2234 Subli-

93 2273 208 2373 rnius.
242 2275 376 2355 Primo
393 2273 511 2383 igitur
528 2277 569 2354 in
587 2274 674 2355 loco
690 2275 855 2355 omnino
868 2278 1116 2359 neoelsarium

92 2402 150 2492 est
174 2423 264 2487 ante
284 2396 415 2486 oculos
431 2400 597 2481 Lebioris
624 2400 851 2482 constituere
878 2403 932 2500 id,
960 2430 1010 2481 ex
1035 2429 1117 2511 quo

95 2526 290 2621 nascitur3
317 2540 440 2633 nempe
456 2522 561 2633 quod
577 2550 687 2603 verus
705 2526 848 2603 Orator
870 2526 980 2606 debet
998 2522 1117 2607 habe·

95 2682 138 2749 re
160 2651 338 2736 animum
361 2680 441 2733 non
462 2648 655 2733 humilem
679 2652 719 2733 &
742 2650 955 2758 abjeoum:
989 2680 1116 2763 neque

96 2778 204 2861 enim
221 2779 302 2860 fieri
322 2780 456 2890 potest,
486 2802 532 2859 ut
550 2776 621 2877 illi,
648 2779 718 2888 qui
734 2806 802 2889 per
819 2805 977 2860 omnem
995 2780 1117 2863 vitam

97 2907 207 2991 suam
223 2908 396 3017 cogitant
417 2932 630 3017 curantquo
647 2908 820 3016 parva&
836 2905 996 3005 servilia,
1026 2936 1117 3017 pro-

99 3034 226 3118 ferant
243 3034 391 3145 aliquid
411 3035 681 3115 admirandum
699 3031 887 3141 omnique
903 3057 1011 3113 aetate
1030 3036 1117 3142 dig·

98 3191 220 3253 num:
240 3162 385 3269 Magna
405 3164 595 3269 verostrnt
611 3158 749 3268 scripta
766 3157 909 3239 horum
925 3158 1116 3256 hominum,

98 3292 159 3375 uti
184 3316 254 3399 par
269 3288 335 3386 est,
365 3313 535 3398 quorum
562 3286 812 3397 cogitationes
840 3287 928 3368 sunt
955 3284 1120 3383 feliciter

97 3410 261 3513 audaces
274 3438 286 3503 ;
311 3411 459 3508 Eodem
476 3410 596 3491 modo
625 3408 742 3491 etiam
757 3436 813 3507 ea,
841 3434 929 3517 qua
945 3404 1118 3502 maxim&

1019 3531 1125 3613 Sub-f

141 3700 177 3761 L.
200 3712 245 3765 ις.
273 3683 326 3756 Ὠς
344 3682 424 3774 lxm
442 3691 514 3767 lei]
544 3696 588 3753 lta
631 3691 726 3752 minna
748 3694 824 3753 resta
847 3692 888 3756 est
903 3692 1119 3762 lestioMaoutii

102 3780 195 3843 Editio
217 3778 330 3860 prima,
366 3778 410 3835 eur
438 3774 512 3835 forti
537 3782 589 3855 (ut
629 3760 880 3861 &Mstorurmqri
893 3777 1118 3855 iliodfflomir·

103 3860 194 3941 solet)
210 3856 388 3922 consenlill'et
400 3862 458 3919 MS.
467 3860 587 3919 uranio
627 3876 701 3938 tunt,
926 3864 930 3869 ’

102 3952 133 4021 io
155 3946 211 4025 hoo
231 3946 298 4011 loco
310 3942 457 4007 infeliciter
471 3936 590 4021 hiilletr

1038 4022 1122 4106 {aa}
