2792 4550
31 1998 35 2006 ’
136 2001 266 2083 trahit.

254 229 346 311 un
398 211 921 316 suumnrlrnrn
973 235 1049 316 ae.
1255 255 1335 344 107

140 375 170 416 ‘¹
196 369 341 451 tionem
360 365 513 478 (dixit)
532 393 611 448 non
635 365 763 449 rhetor
789 370 892 470 tulit,
921 371 984 451 sod
1000 371 1159 453 Charo-

140 503 169 539 “
195 496 314 576 nenfis
338 496 523 606 pugna:''
553 491 664 574 sonui
681 496 787 576 enim
806 523 901 576 cum
918 520 1161 606 argumenta·

136 618 241 701 tione
273 619 455 730 negotiali
488 616 616 700 rhetor
642 619 842 700 Vifionem
861 619 1016 716 effecit;
1042 643 1169 729 quare·

136 747 177 825 δε
194 746 442 856 persuasronis
467 743 680 828 terminum
701 745 873 826 tranfivit
894 744 967 825 illa
990 747 1161 826 circum·

135 869 273 950 stantia
295 896 341 950 ex
359 899 399 950 re
416 869 540 952 ducias.
569 870 810 953 Naturaliter
822 894 955 952 autem
967 871 1160 979 quodam·

135 996 258 1076 modo
284 998 325 1076 in
342 999 529 1085 ‘omnibus
549 997 769 1106 hujusmodi
796 999 908 1078 rebus
924 999 1071 1108 semper
1087 1023 1158 1079 au-

137 1118 266 1200 dimus
293 1125 337 1206 (Β
366 1123 585 1204 attendimus
612 1121 666 1204 ad
689 1123 741 1220 id,
780 1125 888 1232 quod
914 1122 1051 1203 melius
1077 1123 1158 1202 est:

137 1249 240 1330 unde
256 1250 306 1329 ab
330 1279 389 1349 eo,
418 1251 525 1360 quod
545 1249 888 1330 demonstrativum
908 1249 974 1346 est,
1002 1248 1165 1328 abduci-¹

137 1403 229 1459 mur
255 1376 305 1457 ad
337 1378 391 1475 id,
430 1377 538 1486 quod
559 1375 718 1458 Vifione
748 1399 817 1454 nos
844 1399 1066 1454 commovet
1078 1409 1091 1466 ς
1119 1373 1161 1453 in

137 1529 219 1610 quo
236 1500 453 1584 occultatur
470 1527 609 1609 magna
627 1497 714 1581 luce
726 1501 962 1583 circumdata
978 1527 1064 1610 pars
1081 1498 1159 1619 illa,

135 1653 223 1734 quae
251 1625 451 1732 negotialis
477 1625 541 1706 est.
597 1623 652 1702 Et
680 1621 755 1705 hoc
782 1650 863 1704 non
886 1646 1020 1732 prater
1043 1625 1162 1706 ratio-

127 1777 228 1831 nem
256 1753 454 1860 patimur3
495 1777 600 1850 nam,
640 1776 735 1831 eum
764 1750 848 1829 duae
879 1776 937 1830 res
965 1748 1160 1831 collocata

136 1875 223 1956 sunt
241 1875 282 1956 in
301 1901 439 1973 unum,
470 1874 619 1984 semper
637 1872 776 1954 melior
793 1872 876 1953 vim
890 1872 1044 1954 alterius
1056 1877 1105 1956 ad
1121 1877 1161 1958 se

192 2129 291 2209 Haee
319 2127 507 2210 sufficient
533 2125 637 2208 dina
652 2128 701 2208 de
718 2125 966 2226 sublimibus,
996 2155 1083 2237 quae
1109 2133 1158 2211 ad

139 2254 264 2336 sensus
290 2257 466 2352 attinent,
495 2255 638 2363 &quae
654 2251 720 2333 vel
743 2255 792 2335 ab
814 2252 936 2335 animi
953 2255 1159 2362 Magnitu-

136 2380 239 2477 dine,
258 2376 323 2459 vel
338 2378 619 2488 pracipuarum·
631 2374 986 2484 circumstantiarum
999 2378 1163 2462 Deiera

136 2510 181 2591 &
200 2508 381 2617 Congtrie,
410 2507 474 2589 vel
488 2508 724 2603 Incrementa,
751 2501 812 2585 vel
829 2498 1064 2607 Imitatione,
1096 2510 1156 2591 vel

136 2630 293 2717 Visrone
310 2634 527 2715 nascuntur.

137 2855 261 3029 lLlic
279 2852 394 2965 porro
411 2854 527 2935 etiam
553 2854 600 2934 de
617 2852 769 2961 Figuris
785 2854 826 2934 in
844 2854 976 2937 ordine
993 2857 1157 2966 affigna-
1175 2890 1331 2972 mm„

201 3006 261 3063 tus
286 2983 340 3063 est
368 2981 496 3074 loeus;
526 2978 669 3060 etenim
691 2977 762 3078 hae,
792 2979 1090 3063 siadhibeantur
1111 3014 1159 3064 eo

138 3133 218 3216 quo
236 3108 373 3193 debent
395 3110 529 3205 mod0,
560 3104 713 3214 poffunt
734 3106 806 3187 esse
823 3108 840 3215 (
850 3132 894 3187 ut
910 3107 1020 3215 dixi)
1037 3108 1159 3189 mini·

139 3232 205 3315 me
237 3232 402 3345 vulgaris
438 3262 524 3349 pars
556 3232 849 3315 Sublimitatis:
895 3260 1159 3334 veruntamen,

897 3398 902 3404 ·
972 3385 1159 3469 quomam

179 3506 215 3566 L.
233 3524 279 3576 ¹4·
296 3502 423 3566 Ἀυτὸθι
440 3500 538 3582 privor
553 3502 624 3581 δια]
668 3509 731 3584 44)
750 3506 988 3565 commentarium
1006 3499 1157 3567 reservatu-

139 3592 243 3670 1nripit
264 3588 313 3649 hic
329 3592 475 3670 Longinus
495 3594 530 3653 de
545 3595 625 3675 rigo·
670 3609 725 3655 rus.

139 3676 187 3745 ris,
202 3696 263 3755 qua
279 3673 342 3734 sunt
358 3676 454 3733 tertius
468 3677 626 3738 sublimita·
711 3670 784 3733 lbid.
802 3664 941 3749 Ἐφιξῖἶς]
960 3674 1030 3733 Haee
1045 3674 1085 3737 est
1100 3674 1158 3736 lec·

138 3758 175 3815 tir
189 3758 266 3828 fons,
279 3758 390 3830 dicere,
404 3756 564 3830 secundum,
579 3762 627 3841 qui
668 3758 710 3817 tio
732 3755 804 3821 Edit.
827 3778 869 3841 pt.
889 3760 920 3815 δι
935 3760 1080 3822 ustorum
1094 3764 1158 3823 Par.

140 3840 268 3903 Affectus
299 3843 420 3924 respicit,
449 3840 561 3901 fontem
591 3844 626 3903 ad
669 3842 768 3905 Ambr.
787 3848 817 3904 δι
837 3846 904 3906 Vat.
923 3864 949 3914 3·
970 3842 1017 3904 vul
1038 3861 1084 3905 ara
1099 3862 1160 3904 vox

139 3928 227 3990 alium
258 3930 310 4009 (ut
332 3928 392 4014 ipse
413 3926 481 3989 dicit
501 3929 532 3988 in
555 3928 627 3993 Seii.
667 3924 787 4013 &pppis
801 3928 957 3993 {Manutio
964 3948 997 4010 pr
1048 3930 1093 3989 &a
1107 3926 1156 3989 est.

1086 4012 1160 4073 La.
