2792 4550
257 90 353 189 DE
404 89 932 187 SUBLIMITATE
977 105 1050 187 &o
1254 112 1338 204 237

147 260 201 343 ta,
230 244 327 327 inter
345 269 506 327 crateras
522 269 653 327 aureos
671 244 711 325 de
733 268 958 352 gemmatos,
986 245 1164 352 interque

149 368 328 453 caelatum
355 394 570 479 argentum,
597 370 637 451 de
665 370 827 451 tentoria
849 398 898 451 ex
925 371 1033 449 omni
1057 390 1165 478 parte

149 518 292 595 aurata,
323 497 363 577 ἃ
379 494 530 604 pocula,
550 491 662 575 ferret
680 517 912 603 poneretque
928 493 1163 575 medioecu·

4 668 7 699 ,»
100 638 101 641 ‘
148 618 265 701 leolos
287 619 542 727 sacculosque,
570 618 795 700 indecorum
820 617 907 699 effet
934 618 1016 698 visu
1042 642 1166 725 opusa

148 742 200 823 fic
217 744 337 827 etiam
361 742 578 851 hujusmodi
601 741 716 824 veffoa
732 742 820 823 sunt
836 742 1018 824 dedecora
1034 742 1165 821 elocu-

148 868 278 967 tioniS,
308 866 469 949 &velut
491 890 591 949 notae
608 864 644 946 ei
659 864 796 971 inustae,
824 896 916 949 cum
933 866 1004 947 fint
1021 865 1164 947 intem-

149 992 292 1101 pestivd
326 993 381 1073 ibi
414 990 610 1076 collocata.
682 988 864 1073 Potuerat
894 1016 1026 1073 autem
1057 990 1166 1100 quafi

149 1117 374 1201 summatim
410 1144 628 1228 percurrere
664 1116 784 1197 etiam
817 1145 893 1217 eos,
938 1144 1036 1226 quos
1068 1116 1166 1198 dicit

149 1243 364 1352 conjectura
382 1242 533 1326 habitos
547 1242 618 1323 effe
644 1241 770 1339 colles,
797 1244 839 1323 dc
865 1244 1070 1323 decaetero
1093 1267 1165 1349 ap-

151 1390 286 1475 paratu
309 1371 360 1452 fic
386 1369 579 1451 orationem
606 1366 850 1449 immutando
876 1369 1014 1467 dicere,
1044 1376 1070 1411 “
1087 1370 1165 1449 Ca·

153 1506 180 1542 “
208 1497 341 1598 melos,
381 1497 751 1605 multitudinemque
779 1495 1045 1603 jumentorum
1075 1494 1165 1575 sub-

153 1630 180 1668 “
207 1624 441 1707 vediantium
464 1622 607 1719 omnia,
635 1649 722 1730 quae
745 1619 833 1701 sunt
855 1619 1165 1729 suppeditamen·

153 1754 181 1796 ‘⁸
208 1774 246 1833 ta
270 1751 487 1833 mensarum
515 1752 565 1833 ad
590 1748 786 1830 luxuriam
809 1750 851 1829 dc
878 1745 1073 1829 delicias:”
1100 1743 1165 1827 vel

149 1877 340 1989 appellare
357 1907 419 1976 eos,
450 1887 476 1922 “
493 1902 645 1959 acervos
662 1875 787 1955 omnis
803 1875 948 1983 generis
966 1872 1163 1973 frumenti,

150 2012 178 2047 “
205 2007 246 2085 de
266 2032 414 2101 eorum,
442 2033 527 2114 quae
544 2002 845 2111 praestantiffima
866 1999 952 2081 sunt
974 2001 1023 2081 ad
1050 1999 1164 2109 opso-

151 2135 181 2179 “
208 2128 271 2209 nia
297 2131 337 2209 oe
359 2128 510 2209 delicias
526 2132 572 2224 ;”
601 2126 661 2208 vel
689 2127 742 2235 (fi
766 2128 897 2208 omnia
921 2125 1092 2224 voluerit,
1118 2148 1164 2205 ut

151 2251 290 2368 voluit,
317 2253 542 2335 sufficientia
566 2252 616 2332 stc
644 2251 858 2362 exponere)
881 2254 999 2334 etiam
1024 2251 1162 2350 dicere,

154 2389 181 2424 “
208 2404 445 2490 quaecunque
473 2377 559 2458 sunt
586 2376 737 2482 deliciae,
751 2406 886 2459 eorum
916 2380 995 2490 qui,
1017 2377 1164 2458 mensae

152 2513 181 2550 “
207 2505 369 2603 struunt,
398 2529 609 2612 eorumque
626 2505 695 2611 qui
712 2504 867 2612 opsonia
886 2507 1055 2613 parant.''
1079 2505 1164 2584 Ne-

150 2659 226 2742 que
247 2632 354 2713 enim
375 2654 524 2740 oportet
549 2633 590 2712 in
615 2630 849 2714 Sublimibus
875 2633 1095 2716 descendere
1114 2633 1164 2714 ad

149 2757 300 2841 sordida
317 2755 431 2838 uerba
445 2759 484 2838 ὅτ
502 2757 715 2866 inquinata,
744 2758 813 2838 nifi
832 2761 881 2842 ab
897 2758 1025 2869 aliqud
1039 2759 1166 2840 neces·

151 2883 256 2964 fitate
279 2882 388 2964 valde
411 2881 630 2992 adigamur:
665 2883 729 2964 sed
751 2883 870 2966 decet
896 2883 1033 2967 habere
1052 2913 1165 2968 voces

151 3011 417 3119 respondentes
436 3007 612 3117 dignitati
637 3038 777 3113 rerum,
813 3013 1031 3122 imitarique
1052 3038 1166 3094 natu-

152 3164 238 3220 ram
261 3136 430 3219 hominis
454 3137 689 3238 creatricem,
728 3165 813 3249 quae
837 3141 879 3221 in
910 3141 1020 3221 nobis
1042 3168 1167 3249 neque

1042 3291 1167 3376 partes

152 3459 198 3526 li.
213 3459 313 3524 Ambe.
323 3465 426 3525 &Van
435 3461 556 3533 duobus,
569 3479 639 3542 quo·
708 3455 821 3527 icem
845 3463 924 3543 dm]
957 3459 1047 3520 simili
1073 3459 1165 3522 nodo

150 3564 217 3605 rum
231 3547 395 3606 audomare
404 3551 433 3604 δι
446 3543 540 3606 senus
553 3547 638 3606 etiam
679 3484 754 3607 iane
768 3551 883 3606 Naturae
906 3543 1048 3604 soiertiam
1069 3543 1164 3605 obser·

149 3631 240 3713 gratia
255 3649 320 3691 eam
340 3631 371 3688 in
385 3646 492 3696 turtum
505 3631 641 3712 reeipieu-
679 3631 758 3690 ravit
770 3629 873 3688 Cicero
886 3631 918 3688 in
932 3627 981 3688 lib.
1000 3649 1028 3691 2.
1041 3627 1078 3688 de
1092 3632 1167 3692 uate

149 3713 222 3776 dem
239 3716 315 3779 dmi.
680 3717 810 3772 Deorum
823 3732 850 3773 e.
867 3723 913 3786 56.
939 3718 1030 3792 Atqu
1042 3732 1073 3774 ue
1087 3714 1116 3772 r'n
1133 3735 1166 3772 a·

153 3787 160 3797 ·
195 3797 298 3888 uae
316 3789 508 3880 unauna
523 3793 643 3882 nuq-
680 3795 766 3876 usto
781 3795 1166 3888 mammam

1125 3880 1168 3949 ψ
