2792 4550
1218 5 1345 32 ''Y''

264 157 360 244 DE
409 157 939 246 suuL1M1rA'rE
986 161 1062 248 &c'
1256 185 1315 278 79

157 323 283 384 terum
310 298 608 409 dispositionem,
643 297 875 405 (innumera
900 301 1007 382 enim
1034 327 1170 411 genera

156 425 305 534 possunt
318 425 389 508 effe
400 424 762 532 Incrementorum),
773 447 926 534 oportet
942 449 1071 506 tamen
1083 456 1169 512 ora-

155 574 281 634 torem
296 547 534 660 cognoscere,
563 545 667 658 qudd
689 548 791 632 nihil
808 578 857 630 ex
875 548 936 632 his
953 551 1073 658 perse
1092 553 1171 636 fine

154 673 398 757 Sublimitate
422 672 624 756 constituat
640 671 786 784 aliquid
798 672 1024 783 perfeetum,
1039 677 1111 758 nisi
1127 676 1171 758 in

153 797 459 880 miserationibus
475 795 653 882 movendis
666 795 898 898 meherculd,
916 799 1041 880 autin
1058 803 1170 884 rebus

153 923 412 1004 extenuandis.
448 927 683 1006 Ceterarum
697 921 787 1006 verd
803 951 932 1005 rerum
947 927 1170 1008 Incremen-

154 1071 242 1130 tum
269 1044 494 1132 facientium
522 1049 741 1158 cuicunque
767 1049 821 1148 id,
860 1049 968 1158 quod
994 1051 1171 1134 Subiime

153 1173 221 1272 est,
249 1173 465 1274 detraxeris,
493 1173 665 1257 detrahes
688 1199 876 1282 tanquam
894 1173 1068 1254 animam
1082 1203 1170 1257 cor-

154 1301 263 1409 pori3
291 1299 421 1384 statim
449 1301 555 1382 enim
582 1299 620 1382 se
648 1301 878 1384 remittit&
905 1301 1090 1382 evanescit
1114 1301 1168 1403 id,

152 1427 260 1535 quod
276 1425 412 1516 efficax
430 1426 471 1506 in
496 1425 542 1506 iis
564 1425 631 1524 est,
660 1453 755 1508 cum
782 1452 863 1506 non
893 1424 939 1506 fit
964 1423 1168 1509 suffultum

153 1553 471 1638 Sublimitatibus.
526 1555 741 1662 Qomodo
756 1551 842 1636 sane
865 1549 1044 1635 differant
1055 1553 1104 1634 ab
1116 1551 1168 1634 il-

155 1675 207 1776 lo,
236 1677 342 1788 quod
368 1704 491 1790 nuper
519 1677 703 1778 diximus,
731 1676 814 1760 haec
841 1678 888 1758 de
905 1675 1045 1785 quibus
1061 1704 1168 1761 nuuc

151 1826 385 1912 preceptum
395 1803 543 1902 damus,
556 1802 671 1911 (iliud
679 1803 787 1886 enim
796 1825 876 1883 erat
884 1799 1171 1911 comprehensio

150 1927 326 2038 quaedam
348 1927 589 2012 summarum
605 1926 979 2010 circumstantiarum
999 1929 1040 2010 dc
1056 1929 1098 2010 in
1117 1958 1167 2010 u·

149 2080 248 2136 num
259 2051 499 2160 collocatio);
518 2055 765 2162 &quomodo
779 2053 819 2131 in
833 2053 1164 2138 universumSub-

150 2177 259 2260 limia
273 2177 483 2289 discrepent
499 2179 547 2259 ab
561 2177 823 2275 Incrementis,
841 2176 1018 2277 breviter,
1045 2207 1091 2261 ut
1106 2209 1166 2264 res

150 2298 291 2393 claritis
298 2302 444 2413 percipi
456 2302 580 2413 poffit,
590 2302 812 2384 definitione
820 2302 1166 2410 exponendumest.

204 2519 394 2607 Definitio
420 2519 538 2628 igitur
561 2520 799 2630 Scriptorum
829 2523 935 2605 Artis
959 2518 1057 2603 mihi
1085 2552 1163 2607 non
1178 2540 1313 2619 nefiano·

149 2646 295 2759 placet:
324 2648 610 2729 Incrementum
626 2646 692 2743 est,
721 2648 916 2757 inquiunt,
935 2650 1058 2731 oratio
1075 2650 1163 2733 sub-
1176 2638 1338 2791 malz

141 2778 284 2888 jadram
306 2757 508 2873 materiam
526 2778 792 2887 magnitudine
808 2780 977 2861 vestiens.
1005 2780 1103 2862 Haec
1119 2810 1161 2861 e·
1174 2750 1309 2888 muare

147 2909 233 2988 nim
250 2906 373 3015 potest
386 2902 494 3015 aequr}
511 2902 581 2987 esse
595 2905 814 2987 communis
828 2907 1003 2998 definitio
1015 2910 1055 2989 dr
1066 2910 1161 2991 Sub-
1174 2874 1334 3025 msa*

148 3028 321 3113 limitatio
345 3033 385 3113 dc
402 3028 578 3113 Affectus
599 3032 638 3111 δε
653 3034 892 3143 Troporum,
921 3035 1105 3142 quoniam
1123 3035 1161 3113 dr
1176 3061 1236 3100 rm
1250 3060 1301 3101 uo·

148 3150 208 3243 hae
221 3181 279 3235 res
295 3156 509 3237 orationem
526 3153 690 3233 vestiunt
707 3154 811 3235 ce'rtd
827 3155 995 3263 quddam
1011 3155 1163 3262 magni·
1177 3122 1229 3203 Ψ·

148 3278 306 3360 urdine:
334 3280 432 3363 Haec
446 3304 576 3362 autem
591 3276 690 3371 mihi
708 3279 886 3360 videntur
911 3281 1008 3359 inter
1031 3281 1072 3359 se
1086 3280 1163 3359 dis·

147 3430 302 3512 crepare
322 3406 363 3485 in
380 3434 440 3505 eo,
453 3406 559 3519 quod
577 3388 799 3488 Sublimitas
821 3404 979 3513 quidem
988 3402 1167 3495 consistat

147 3530 190 3617 in
201 3530 365 3613 elatione
376 3532 558 3632 orationis,
586 3534 881 3613 Incrementum-
897 3554 1028 3609 autem
1044 3530 1163 3613 etiam

147 3658 196 3767 in
206 3656 482 3763 multitudine:
516 3688 634 3772 quare
661 3656 727 3739 iila
752 3656 910 3766 quidem
935 3655 1029 3766 sape
1056 3682 1167 3746 exrar

145 3786 266 3871 etiam
291 3786 333 3869 in
358 3810 440 3869 uno
467 3784 584 3887 sensu,
631 3784 709 3869 hoc
736 3806 867 3868 autem
893 3782 1039 3897 semper
1065 3812 1161 3867 cum

389 3932 390 3935 ‘
432 3926 435 3929 ’
1037 3908 1158 3992 abun·
