2792 4550
146 732 383 905 SCIAT
395 736 528 825 Letior
546 770 612 839 me,
639 766 721 823 cnm
740 732 904 848 primum
929 738 1088 824 animum
1115 733 1170 823 ad

230 866 465 979 scribendum
493 865 614 977 appell
611 895 718 964 erem,
745 862 843 946 nihil
864 864 971 946 aliud
991 866 1031 947 ob
1054 866 1165 949 aeolos

145 995 307 1109 habaiffe,
326 992 434 1108 quim
452 1010 495 1075 ut
513 990 820 1074 Commentariun
832 992 993 1101 Longini
1008 993 1052 1076 de
1068 994 1165 1077 Sub-

145 1121 303 1205 limitate
319 1117 545 1203 emendatum
569 1120 612 1201 &³
629 1115 739 1198 Notis
765 1110 987 1230 illustratum
1012 1120 1165 1230 mulgea-

145 1274 241 1327 rem:
256 1273 350 1327 nanc
367 1242 456 1325 veri
466 1238 684 1355 quorundam
694 1240 891 1323 amicornm
908 1243 1166 1352 confiliasecn„

144 1386 205 1452 tos
219 1369 312 1453 addo
326 1368 436 1450 etiam
454 1369 676 1477 Fragmenta
692 1364 772 1465 illa,
800 1395 880 1477 qna
896 1364 989 1447 tani
1003 1370 1167 1477 Longino

137 1495 350 1607 plerumque
371 1492 597 1604 adjudicant,
625 1518 769 1603 quaque
783 1508 851 1572 ant
867 1520 913 1573 en
934 1493 1062 1573 MStis
1078 1500 1166 1581 Vot.

145 1617 189 1702 ἔθ’
207 1620 303 1702 Ραν.
320 1634 387 1699 ant
404 1642 450 1698 ex
467 1615 666 1728 Porphyrii
681 1618 726 1701 Θ
744 1610 893 1727 Εψόἱί
903 1618 1060 1728 scriotis
1073 1636 1165 1729 pro·

132 1742 350 1856 serantur:
390 1738 440 1824 In
476 1741 532 1825 his
558 1741 699 1825 edendis
716 1748 867 1851 secutas
883 1748 973 1853 stem
996 1746 1166 1831 ultimam

148 1870 202 1951 Cl.
219 1864 385 1981 Hndsini
412 1864 601 1955 editionem
629 1871 870 1981 Oxonierffem,
898 1898 977 1983 qua
1000 1874 1166 1973 Boivini,

147 1986 266 2093 Tollii,
295 1990 338 2079 &
360 1988 466 2104 ipſsns
484 1992 649 2104 Hudsoni
665 1996 786 2075 Notas
810 1989 864 2076 ad
887 1997 998 2079 imum
1015 2000 1167 2109 paginae

145 2112 292 2200 additas
306 2116 476 2199 exhibet:
504 2115 623 2199 Nihil
629 2114 723 2225 feri
738 2117 810 2227 ipse
821 2118 918 2229 feci,
946 2120 1017 2228 nist
1026 2141 1070 2202 ut
1076 2125 1167 2231 pri·

148 2273 247 2328 mam
272 2238 533 2353 Fragmentum
561 2266 605 2324 eso
630 2244 852 2354 praefatione
879 2244 1042 2328 editionis
1066 2252 1168 2331 Oxo-

146 2369 274 2477 nienfis
290 2367 360 2450 hac
375 2365 600 2468 adducerem,
629 2370 672 2450 &
689 2384 898 2450 caeterorum
915 2369 1074 2453 ordinem
1087 2403 1168 2457 mu-

146 2511 278 2594 tarem,
306 2497 350 2580 Co'
366 2495 556 2612 vgmionem
575 2493 770 2606 permultis
785 2495 825 2575 in
842 2495 924 2578 loeis
940 2499 1166 2608 emergerem,

147 2621 303 2730 omnibns
330 2619 480 2733 denique
502 2621 559 2703 his
576 2620 805 2732 Fragmentis
823 2623 939 2730 pauci
972 2653 1048 2706 mas
1064 2627 1168 2740 (qnae

149 2747 190 2829 in
206 2747 346 2860 legendo
366 2747 458 2831 mihi
479 2745 725 2847 occurrebant,
752 2746 932 2860 literdqne
954 2753 1002 2834 P.
1010 2754 1168 2861 signan-

149 2875 239 2976 tur)
256 2876 375 2956 Notas
395 2893 463 2958 ant
485 2872 698 2959 emendandi
720 2891 789 2957 ant
810 2875 1015 2988 explicandi
1031 2872 1167 2990 gratid

150 2997 363 3112 liebjicerrm.
