2792 4550
320 218 1035 331 FRAGMENTA.
1222 246 1361 340 ,295

169 354 274 439 tium
298 360 465 443 nancisci
493 363 697 472 potuerim,
725 361 794 473 qui
819 359 919 444 mihi
937 361 1083 445 Plotini
1100 342 1186 473 quc
1238 368 1242 373 ’

168 481 324 565 deerant
352 484 550 595 colligenti
581 486 838 582 describerem
883 505 1002 603 quem
1030 515 1103 598 ego
1135 488 1185 569 ab
1227 521 1229 524 ·

167 611 349 694 consueto
366 641 479 725 opere
495 615 707 700 abdudtum
727 614 822 699 huic
835 616 905 699 uni
928 642 1029 698 curae
1055 616 1185 695 inten-

167 755 255 813 tum
286 735 356 817 eise
380 738 479 847 jussi.
550 742 702 825 Cuncta
731 738 822 821 vero
849 740 944 847 jam,
982 740 1025 821 ni
1055 736 1180 841 fallor,

167 861 306 972 scripta
336 866 412 973 ejus
441 870 674 980 comparavi,
710 890 827 976 atque
854 868 972 949 etiam
1001 867 1068 949 illa
1094 896 1181 979 quae

167 986 268 1069 mihi
290 1018 417 1075 recens
443 994 667 1077 submifistit
694 1018 863 1075 attamen
890 993 1111 1104 imperfecta
1136 1020 1182 1075 ea

166 1114 266 1215 sunt,
295 1146 380 1227 quae
406 1126 538 1203 naetus
567 1122 675 1218 sum;
704 1122 915 1206 nonenim
939 1119 1181 1205 mediocriter

165 1266 273 1325 erant
290 1270 481 1356 corrupta.
533 1248 789 1364 Qamquam
810 1244 978 1327 sodalem
1000 1272 1071 1355 ego
1093 1246 1182 1327 nos.

164 1389 271 1448 trum
287 1371 488 1455 Amelium
507 1372 715 1454 scribarum
731 1396 872 1452 errores
888 1372 1180 1460 emendaturum

165 1490 276 1575 fuiffe
292 1498 624 1589 existimaveram:
652 1497 715 1579 sed
733 1496 808 1579 alia
830 1494 888 1585 illi
905 1499 1054 1615 potiora
1072 1496 1180 1583 fuine

163 1619 288 1721 video,
318 1624 437 1735 quim
454 1650 498 1709 ut
515 1622 608 1707 huic
628 1624 703 1706 sese
718 1649 818 1705 curae
831 1624 995 1729 dederet.
1048 1628 1181 1733 Qare

165 1772 244 1831 non
259 1750 314 1831 est
331 1774 376 1843 ut
392 1754 437 1833 iis
454 1753 513 1835 uti
531 1752 682 1863 poffim,
710 1751 859 1839 tametsi
881 1752 1111 1861 percupidus
1129 1750 1179 1837 il·

163 1871 201 1965 la
227 1900 283 1957 nn
305 1880 477 1961 Antion
502 1880 542 1967 dt
565 1905 625 1959 nn
656 1878 792 1959 Enna
817 1875 1032 1962 accuratids
1055 1878 1179 1962 confi-

163 2004 341 2092 derandit
360 2036 451 2089 nam
468 2010 508 2090 dc
525 2004 607 2089 haec
622 2002 857 2086 vitiofiffime
874 2005 1061 2121 descripta
1078 2005 1178 2094 sunt.

164 2132 273 2241 Ergo
300 2162 382 2217 rem
400 2134 501 2215 mihi
524 2133 636 2243 long&
653 2132 832 2214 omnium
847 2132 1097 2242 gratissimam
1120 2132 1178 2215 sc.

164 2260 273 2359 ceris,
320 2262 348 2344 fi
379 2261 480 2344 mihi
508 2260 627 2371 quaint
657 2247 959 2342 emendatissime
992 2261 1179 2373 descripta

164 2388 412 2478 transmiseris
429 2387 445 2470 :³
468 2387 596 2471 soltim
615 2409 661 2478 ut
676 2414 757 2468 mea
771 2413 852 2476 cunt
868 2386 943 2472 tuis
955 2388 1178 2498 exemplaria

164 2513 374 2616 conferam,
419 2538 533 2625 atque
564 2513 631 2604 illa
666 2512 715 2595 ad
746 2535 784 2595 te
816 2511 944 2621 posted
973 2514 1177 2604 remittam.

163 2645 347 2734 Attamen
366 2669 495 2754 repeto
513 2643 564 2742 id,
594 2644 699 2754 quod
717 2639 887 2750 supernis
903 2642 1012 2726 dixi:
1039 2643 1178 2730 Mittas

162 2768 298 2872 nolim,
327 2771 466 2856 veriam
489 2772 568 2883 ipse
586 2767 716 2886 potiita
737 2767 815 2851 huc
833 2767 898 2850 illa
913 2769 1070 2866 affem3
1089 2795 1177 2863 turn

164 2895 204 2984 dc
231 2895 259 2976 fi
290 2923 375 3008 qua
407 2897 506 2982 sorte
538 2896 611 2981 alia
639 2893 841 2980 Amelium
869 2894 1038 3009 fugere:
1083 2926 1177 2986 nam

162 3027 311 3122 cuneta,
340 3051 425 3135 quae
443 3024 507 3118 ille
522 3024 664 3128 attulit,
682 3025 836 3107 summo
852 3021 978 3104 studio
997 3019 1023 3100 d
1040 3051 1095 3103 me
1110 3051 1177 3104 ex,

161 3149 293 3266 qaffita
308 3149 487 3264 possideo.
541 3149 693 3260 Qidni
716 3149 822 3229 enim
839 3145 912 3227 viri
934 3145 1037 3235 illius
1052 3150 1177 3236 Com·-

162 3267 414 3372 mentationes
437 3279 545 3366 omni
562 3275 804 3365 veneratione
821 3275 861 3357 de
880 3272 1028 3358 honore
1044 3274 1178 3384 dignas

162 3403 373 3502 avidissime
387 3408 488 3490 mihi
505 3407 758 3524 conquiram?
776 3405 868 3496 Hoc
881 3425 1013 3493 autem
1025 3403 1066 3482 δι
1078 3431 1177 3514 με.

163 3534 259 3618 senti
285 3534 368 3634 tibi,
397 3541 438 3619 de
455 3565 547 3619 cum
569 3533 683 3645 longe
707 3533 855 3633 abesses,
881 3532 1053 3625 vescum
1075 3535 1178 3644 Tyri

162 3685 515 3764 commemoratore,
525 3663 671 3774 semper
681 3659 827 3744 scilieet
838 3657 1059 3774 significavi,
1070 3659 1178 3769 quod

10 3961 12 4040 Ι
203 3915 282 3992 *ηε
295 3879 352 4016 quo
366 3919 443 3992 libris
457 3919 579 4012 quiaque
593 3915 735 4062 prioribplt
747 3915 876 4087 inuadit
882 3913 962 3998 sexta
977 3782 1180 4068 aginrdssss

1306 4068 1389 4466 p
