2792 4550
126 113 260 210 mn
439 89 1173 242 nss-urrn'oi‘ocar'nrrs
1319 239 1323 252 Ι

303 271 338 312 “
356 238 498 347 annilia
518 288 596 342 non
612 261 760 364 desunt,
787 262 875 372 quae
894 265 976 375 jam
992 267 1210 378 speramus,
1236 291 1317 381 pro

303 395 329 437 “
357 389 465 470 nobis
476 387 569 488 sunt
581 387 774 492 Saraceni,
798 394 874 498 pto
890 393 999 474 nobis
1015 394 1213 478 Armenii}
1230 388 1316 482 La-

302 523 329 562 “
355 537 482 594 tronea
505 511 590 622 Syri
615 512 828 614 exercitum
853 539 978 619 tuurn,
1005 521 1223 623 Aureliane,
1249 527 1317 607 vi-

301 641 329 684 “
355 661 503 736 cerunt,
517 635 613 748 quid
629 639 747 746 igitur
763 637 791 720 fi
808 637 873 722 illa
894 646 1042 726 venerit
1057 673 1205 747 manus,
1223 676 1315 760 quae

301 771 330 810 “
355 765 527 872 undique
559 763 758 874 speratur?
795 781 914 876 ponet
942 764 1115 876 profeci&
1140 774 1315 882 superci-

300 901 329 938 ·‘
355 891 467 991 lium,
495 917 575 1000 quo
590 909 696 975 nunc
712 891 1072 999 mihirloditionem,
1099 893 1206 1013 quali
1223 925 1315 986 om·-

297 1031 327 1126 f‘
353 1017 533 1100 nifariam
549 1015 684 1120 vietor,
712 1018 913 1132 inrperas.”
992 1115 997 1124 ,

351 1142 429 1229 His
446 1144 565 1252 literis
579 1147 767 1256 perlectis,
793 1149 1020 1236 Aurelianus
1033 1153 1149 1238 irams·
1165 1149 1313 1269 copias,

299 1299 395 1384 quas
410 1272 583 1355 Zenobia
609 1273 677 1356 libi
704 1269 886 1358 affuturas
907 1278 1129 1388 speraverat,
1156 1307 1223 1365 aut
1242 1307 1314 1368 ve·-

300 1400 445 1482 nientes
470 1395 701 1509 profligavit,
723 1427 809 1504 ,aut
841 1395 1017 1513 poeonii,
1057 1426 1108 1490 ne·
1133 1410 1311 1512 adeffent,

298 1527 491 1632 eorrupit:
518 1521 773 1635 Palrnyralque
799 1529 839 1608 vi
864 1519 1078 1640 expugnati
1095 1527 1312 1620 Zenobiam

298 1649 528 1761 multosque,
554 1649 596 1732 in
613 1647 751 1763 quibus
767 1657 1003 1765 Longinum,
1029 1690 1198 1771 quorum
1213 1693 1309 1747 con-

298 1776 389 1858 filiis
406 1775 472 1857 usa
492 1775 593 1875 effet,
631 1777 801 1886 captivos
823 1777 937 1864 fecitt
964 1786 1144 1868 Zenobiae
1168 1791 1307 1898 reginae

298 1900 450 1982 veniam
472 1899 598 1996 dedit,
624 1926 666 1983 at
689 1905 879 2012 Longino,
906 1909 1052 2026 quippe
1078 1940 1196 2023 quem
1219 1915 1309 1998 istac

298 2025 423 2108 literas
447 2025 630 2108 dictitare
656 2030 830 2129 credidit,
856 2031 950 2113 adeo
971 2034 1234 2140 infestatur,
1261 2067 1309 2126 ut

294 2179 389 2235 eum
409 2149 539 2232 statim
567 2151 729 2236 interfici
744 2155 902 2270 juberet.
954 2155 1165 2269 Longinus,
1193 2167 1308 2250 intel-

297 2269 395 2382 lecto
410 2273 607 2361 Aureliani
629 2279 804 2390 irnperio,
830 2302 876 2365 ut
899 2310 1065 2374 mortem
1095 2316 1306 2401 oppeteret,

297 2408 448 2516 suaque
463 2405 644 2487 Zenobia
662 2409 840 2517 dignitati
858 2436 938 2494 non
957 2413 1161 2523 supereffit,
1184 2418 1306 2503 libens

298 2528 520 2638 separavit:
547 2538 618 2613 n'ec
638 2530 788 2633 fletum,
815 2560 886 2619 nec
911 2539 1093 2622 timorem
1115 2526 1307 2629 vulm'os.

296 2646 441 2745 tendit3
467 2650 531 2731 sed
550 2678 648 2759 quae,
667 2650 715 2732 ³&
731 2681 874 2763 quanta
889 2657 913 2739 i
929 2657 1175 2778 Philosophia
1201 2670 1305 2754 didi-

296 2800 409 2875 cerat,
437 2802 480 2855 ea
501 2775 679 2857 omnibus
704 2804 796 2862 nota
820 2779 941 2866 facere
965 2791 1131 2873 moriens
1153 2794 1194 2877 in
1216 2799 1305 2879 ani-

297 2925 366 2983 mo
393 2897 550 2980 habuit:
577 2902 721 2986 amicos
744 2904 862 3015 igitur
883 2910 1013 2995 casum
1036 2914 1139 2999 illius
1154 2917 1304 3005 lamen-

294 3048 416 3107 tantes
444 3022 656 3107 consolatus
681 3029 747 3128 est,
775 3033 963 3146 periitque
987 3046 1156 3126 extrema
1181 3069 1307 3159 prope

295 3180 390 3261 voce
406 3178 482 3252 eos,
510 3154 579 3262 qui
605 3155 777 3260 adeffent,
804 3161 854 3242 ad
880 3157 985 3247 hunc
1009 3170 1170 3252 modum
1190 3202 1303 3258 corn-

294 3278 437 3392 pellans
445 3314 458 3375 ;
487 3286 515 3324 “
531 3278 570 3393 Si
586 3284 778 3391 terranon
795 3284 900 3371 aliud
912 3291 1030 3401 quim
1041 3300 1302 3413 magnusqui-

294 3414 321 3453 “
348 3407 439 3487 dam
465 3430 593 3507 carcer
615 3408 822 3514 existimari
844 3416 989 3518 debeat,
1017 3445 1109 3505 eum
1132 3423 1304 3512 feliciffi·

294 3536 323 3581 “
348 3536 563 3643 antonelli,
586 3536 654 3648 qui
672 3539 821 3649 primus
837 3541 877 3623 in
894 3540 1108 3647 libertatem
1129 3554 1304 3640 vindice-

295 3656 323 3701 “
349 3658 448 3736 tur.”
530 3700 536 3712 ·
700 3664 707 3707 ³
899 3680 902 3687 ·
1228 3673 1231 3679 '

1240 3916 1307 4002 Sic
